2284 3484
229 1194 306 1271 Quud
324 1196 404 1256 homo
425 1196 509 1258 dubet
526 1197 647 1258 libantur
667 1196 731 1258 dara
752 1217 798 1258 aur
818 1217 899 1258 suum
918 1197 988 1258 Duo.

289 1411 313 1470 Ο
334 1413 469 1480 Domina!
491 1414 522 1469 tu
545 1414 574 1471 lu
594 1413 662 1470 mihi
683 1413 782 1470 dedisti
804 1413 870 1472 aia
897 1430 940 1470 me
961 1429 1009 1471 cor

209 1526 300 1568 meum
328 1511 411 1582 palis.
430 1511 484 1568 Sed
503 1512 641 1583 quantum
663 1511 708 1568 eal
730 1511 791 1580 hoc,
812 1511 940 1579 Domine,
961 1511 1009 1583 qui

208 1608 250 1664 ila
269 1609 408 1665 excellens
425 1611 469 1666 as!
485 1610 513 1667 Si
529 1611 601 1667 enim
617 1609 749 1666 haberem
763 1625 848 1666 unum
864 1625 921 1676 our,
935 1609 1008 1680 quod

209 1706 299 1764 sulum
321 1707 412 1765 maius
432 1708 516 1775 assei,
538 1709 667 1780 quamsi
690 1707 890 1765 simulassent
916 1707 1009 1766 omnia

208 1803 292 1862 corda
312 1803 435 1862 filiorum
455 1804 600 1862 homiuum
621 1805 651 1862 al
671 1822 767 1864 omues
780 1805 945 1878 augelorum
967 1804 1011 1862 af-

208 1901 300 1959 fectus
319 1902 357 1969 ul,
378 1902 412 1959 ut
432 1902 618 1960 materialiter
639 1903 748 1976 loquar,
770 1903 861 1960 maius
885 1902 1010 1960 ussatei

209 2000 292 2072 plura
313 2000 475 2071 spiritualia
495 2001 524 2057 at
545 2001 703 2072 corporalia
724 2000 840 2057 insimul
861 2001 928 2058 actu
948 2017 1010 2058 cou-

208 2098 313 2156 tinuret
334 2098 378 2155 vel
398 2099 541 2157 continere
562 2100 659 2170 posset
679 2116 764 2172 quam
784 2099 892 2156 caelum
918 2115 1011 2172 empy-

210 2213 297 2262 reum,
320 2198 413 2267 ipsum
433 2195 526 2254 lulum
550 2197 580 2254 et
607 2197 735 2255 totaliter
754 2196 941 2254 libentisuime
961 2197 1010 2255 tri·

165 2309 167 2313 ’
209 2294 321 2352 buerem
343 2294 395 2352 libi
415 2295 467 2352 aul
481 2294 756 2355 tribuerudeberem.
771 2294 810 2352 El
823 2294 914 2352 adhuc
929 2295 1011 2352 lanto

211 2392 328 2450 Domino
348 2393 546 2450 munusculum
573 2409 702 2464 paruum,
724 2393 808 2450 immo
829 2393 910 2464 quasi
939 2391 1010 2450 nihil

209 2490 293 2547 asset.
314 2489 426 2559 Quanto
446 2507 513 2564 ergo
542 2493 634 2564 magis
662 2491 740 2548 illum
771 2507 887 2562 parvam
919 2490 1012 2549 cordis

209 2588 372 2655 scintillam,
393 2605 476 2661 quam
498 2587 596 2656 habeo,
618 2587 668 2645 libi
690 2588 761 2646 dabo
782 2588 811 2645 ul
832 2588 962 2645 totaliter
981 2589 1010 2644 iu

210 2687 239 2744 tu
260 2689 377 2758 punam!
392 2686 453 2745 Hoc
474 2687 546 2744 anim
569 2677 770 2758 permaximum
786 2686 830 2743 ast
845 2685 922 2754 mihi,
937 2685 1010 2758 quod

210 2800 368 2843 cormeum
393 2783 497 2865 habere
518 2785 655 2858 dignaris.
681 2785 781 2843 Nunuu
807 2800 873 2857 ergo
901 2784 1011 2842 stulius

210 2900 308 2951 assem,
330 2884 353 2940 si
375 2883 445 2941 illud
465 2884 637 2956 applicarem
660 2883 693 2941 de
713 2884 805 2941 uelem
832 2882 916 2940 alicui
937 2899 1010 2940 erua-
