2284 3484
152 1181 231 1256 Quod
249 1182 329 1242 hemo
350 1180 433 1242 debet
451 1180 572 1240 libenter
593 1179 694 1240 Obsisti
713 1179 868 1258 passionem

105 1279 246 1352 meditari,
263 1286 292 1340 et
305 1297 388 1357 quam
402 1279 543 1338 metasse
556 1277 594 1337 eit
614 1276 757 1373 meditatie
777 1276 837 1338 eius
849 1278 905 1354 (1).

192 1509 309 1572 (territe
323 1512 452 1584 undique
460 1512 516 1586 (2),
526 1511 636 1585 gentes,
647 1510 676 1568 et
690 1512 832 1568 miramini
843 1527 911 1584 erga

106 1627 160 1670 ves
180 1610 328 1668 caritatem
351 1610 401 1667 Dei
426 1611 456 1667 et
475 1627 544 1682 erga
563 1611 657 1681 ipsum
680 1608 843 1666 eaecitatem
863 1625 912 1666 ve-

108 1709 200 1767 stram
221 1708 250 1767 et
272 1708 420 1766 malitiam.
441 1707 470 1764 Si
491 1709 563 1764 enim
585 1707 676 1764 Filius
690 1706 742 1764 Dei
762 1705 854 1764 veluit
867 1707 911 1763 in-

108 1805 307 1879 separabiliter
327 1805 458 1878 eeniungi
486 1803 626 1862 humanae
654 1804 784 1873 naturae,
805 1803 912 1876 quante

108 1904 246 1962 libentius
266 1903 380 1961 deberet
393 1903 488 1960 anima
502 1902 602 1960 nestra
617 1901 669 1959 sibi
684 1901 913 1974 inseparabiliter

109 2001 259 2073 copulari?
279 2000 308 2058 Si
329 2002 401 2058 enim
431 2000 522 2058 Filius
549 2000 601 2058 Dei
622 1999 713 2058 veluit
733 1998 814 2056 tante
839 1999 914 2072 ¹eari-

109 2101 181 2156 tatis
211 2098 322 2157 fervere
353 2099 393 2156 eie
423 2095 575 2155 vilissimos
606 2098 713 2155 eineres
746 2095 798 2153 sibi
823 2097 912 2164 unire,

110 2199 218 2271 quante
238 2197 349 2255 avidius
368 2195 483 2254 deberet
500 2197 692 2268 unusquisque
712 2211 759 2254 cor
781 2211 862 2252 snum
877 2194 914 2251 ad

109 2297 204 2368 ipsum
234 2294 424 2366 recipiendum
454 2295 585 2374 aperire?
616 2293 692 2362 Quae
724 2291 769 2350 est
799 2293 914 2350 vesania

110 2395 232 2462 animae,
253 2393 327 2466 qued
347 2392 400 2450 hee
420 2392 541 2466 negligit
561 2391 590 2449 et
614 2391 709 2463 petias
727 2378 794 2449 'vult
814 2390 915 2448 sterco-

110 2491 192 2550 ribus
212 2490 381 2548 adhaerere!
404 2490 469 2548 Nen
490 2491 563 2547 enim
586 2490 722 2547 assumsit
749 2489 839 2548 Filius
864 2489 915 2546 Dei

110 2605 236 2657 earnem,
257 2588 291 2645 ut
304 2587 387 2647 home
400 2589 479 2646 carni
498 2587 667 2658 adhaereat3
690 2587 746 2656 sed,
762 2586 835 2644 sieut
855 2587 915 2658 ipse

111 2697 274 2707 ——--

177 2741 200 2798 1)
219 2738 268 2785 Gir.
294 2739 393 2796 Bonan,
420 2738 458 2784 De
479 2737 635 2796 perfectione
659 2711 724 2782 vitae
749 2737 782 2782 ad
805 2749 916 2794 sorores,

110 2833 165 2879 cap.
184 2820 199 2866 6
216 2821 241 2865 et
257 2819 366 2878 Ligneum
381 2819 447 2865 eltae
463 2817 560 2877 passim.

175 2900 201 2958 2)
219 2899 304 2946 Ezeeb
323 2899 363 2959 39,
383 2900 420 2947 17.
