2284 3484
232 185 270 246 26
499 203 640 247 srnrunue
660 201 773 245 monn.

231 392 268 450 ab
288 393 418 450 omnibns
438 393 605 462 conculcari,
631 409 717 465 quern
737 391 957 464 quibusonmque
986 390 1033 448 do-

231 491 305 548 lioiie
322 490 475 560 abundare,
490 491 741 564 qualibuscumque
760 489 913 548 honoribus
929 489 1034 547 elevari

232 589 261 646 et
284 589 511 662 quantecumque
539 588 647 662 perfrui
672 603 807 660 corporee
833 586 982 669 sospitem,
1009 587 1034 644 si

232 685 296 745 iude
313 686 390 745 Dens
411 686 478 744 lune
499 687 622 758 amplius
636 685 811 754 laudaretur,
825 685 910 742 etiem
933 699 1035 756 suppo

233 783 297 853 sito,
312 784 386 857 qnod
406 800 459 857 par
479 786 554 842 ossei
576 785 731 856 praemium
745 783 902 856 utrobique.
916 783 979 841 Hoo
991 781 1035 839 de
1123 809 1125 862 g

232 881 312 939 beret
331 881 527 954 gratissimum
541 897 603 939 eese
621 881 712 950 nobis,
726 880 761 937 nl
780 881 937 938 altissimus
957 879 1036 938 neue

232 979 330 1037 uosler
350 996 368 1037 a
387 979 469 1038 nobie
488 978 518 1036 el
536 978 570 1036 <le
591 978 672 1037 nobie
691 978 805 1052 aliquod
822 977 915 1036 leudis
932 994 1036 1036 muno·

233 1077 342 1134 eoulum
362 1078 485 1150 recipere
509 1077 692 1150 dignaretur3
714 1076 763 1135 eod
784 1076 900 1149 propter
920 1075 1036 1135 nostres

233 1173 415 1232 infirmitates
435 1176 464 1232 in
485 1173 659 1234 eontrarium
679 1174 799 1232 nitimur
819 1175 881 1234 loto
900 1173 955 1232 die.

313 1272 375 1341 Sed,
390 1288 406 1332 o
421 1273 492 1330 mira
506 1273 535 1331 oi
548 1272 700 1330 ineffabilis
720 1271 905 1345 amabilisque
919 1272 1037 1330 clemen-

234 1370 274 1428 lia
285 1370 451 1440 Salvatorie,
462 1387 533 1444 quoe
548 1372 608 1429 lem
622 1371 823 1444 benignissimo
836 1369 943 1428 nostrie
957 1371 1038 1428 miso

234 1469 284 1525 riis
304 1468 516 1526 oondeeoendisl
532 1467 601 1538 Quis
620 1468 699 1527 illam
721 1467 827 1540 polerit
846 1465 1038 1525 nuutiero?0

233 1565 325 1634 homo,
347 1565 477 1624 totaliter
497 1566 525 1624 ie
546 1567 658 1624 involvo
679 1566 708 1623 in
730 1582 782 1623 ene
803 1565 994 1624 misericordia
1008 1564 1038 1622 et

234 1664 336 1720 mirere
358 1663 387 1722 el
407 1662 466 1720 lem
493 1662 568 1721 duloi
589 1663 709 1722 Domino
730 1663 840 1736 gratiae
867 1679 952 1735 egere
980 1678 1039 1720 nou

234 1759 369 1837 desistael
393 1759 416 1817 Ο
438 1762 475 1817 mi
496 1761 624 1830 Domine,
646 1761 713 1834 quid
744 1760 797 1818 libi
817 1759 933 1828 contuli,
961 1759 1038 1832 quod

235 1858 293 1915 lem
314 1858 435 1916 dulciter
460 1874 503 1916 mo
527 1858 683 1930 'superbum
711 1858 740 1915 ot
766 1857 948 1930 arrogantem
976 1873 1040 1929 per·
1123 1876 1124 1881 ¹

235 1954 344 2014 treolae
365 1955 394 2013 el
414 1955 513 2014 fovee?
533 1955 610 2025 Quae
631 1955 675 2014 ool
695 1955 747 2013 illa
766 1955 871 2028 gratia,
890 1971 975 2026 quem
997 1955 1041 2010 in·

233 2055 308 2122 ueni,
328 2052 402 2126 quod
422 2054 488 2121 anio
509 2054 537 2112 ie
558 2071 603 2112 mo
630 2054 754 2112 sustines
781 2053 818 2110 ad
843 2050 1040 2111 momentum?
1123 2078 1124 2081 ¹

235 2151 316 2210 Certo
336 2151 389 2211 hoo
410 2168 467 2211 nou
487 2155 585 2221 merui,
614 2153 662 2210 sed
688 2169 751 2210 oum
781 2151 880 2210 inferis
897 2150 1039 2219 habitere,

234 2251 327 2318 immo,
349 2249 421 2308 boue
449 2250 576 2320 Domine,
597 2267 649 2309 neo
668 2250 754 2308 eliam
775 2250 815 2308 ibi
835 2249 966 2308 oreolnre
986 2248 1040 2306 lna
1123 2266 1124 2271 ¹

235 2363 343 2404 mereor
364 2348 514 2405 nominari.
532 2347 605 2417 Quid
625 2347 677 2404 libi
697 2364 749 2420 pro
763 2348 809 2405 hie
829 2346 938 2414 feoiem,
957 2346 1041 2405 oim-

234 2443 372 2500 meueilee
386 2444 544 2503 bonitalis?
564 2444 637 2515 Quid
650 2445 702 2502 libi
718 2462 769 2518 pro
783 2444 874 2503 lentie
895 2442 1040 2502 benefieiis

235 2540 332 2612 potero
344 2541 473 2600 exhibere
481 2543 494 2598 l
501 2542 562 2616 Ego
572 2559 628 2601 nou
639 2542 747 2602 sufficio
758 2541 920 2600 eolisiooere
931 2556 982 2612 pro
994 2541 1039 2598 de·

234 2637 319 2708 lictis,
335 2638 437 2696 nedum
447 2637 491 2714 (1)
506 2656 558 2712 pro
573 2639 714 2699 benefieiis
727 2640 866 2708 laborare,
880 2654 931 2696 neo
950 2637 1038 2697 otiam
1123 2644 1124 2679 l

234 2772 395 2781 ——-——

299 2849 322 2910 l)
341 2849 365 2898 M
380 2864 433 2900 nee.
