2284 3484
405 279 556 322 recuccus.
867 263 885 320 3

83 469 135 527 bus
156 469 300 542 gestienti,
316 469 389 528 sieut
404 472 450 542 pia
465 471 556 528 mater
568 471 769 544 congaudendo
783 470 886 528 arride.

83 568 143 626 Scio
161 585 292 640 namque,
307 569 381 642 quud
396 569 606 642 simplicitatem
621 570 724 642 diligas
738 571 767 626 et
780 569 887 626 fercula

84 665 167 724 etiam
190 666 337 724 rusticana
358 667 454 740 sapide
468 668 587 740 quedam
609 667 736 726 famelico
755 667 886 740 appetitu

84 764 227 838 degustes.
247 765 415 823 Insatiabile
440 767 513 823 enim
540 766 585 823 est
605 765 770 824 desiderium
795 765 886 834 tuum,

84 863 113 920 et
130 863 212 920 avide
226 863 415 936 apprehendis
430 863 535 922 oblata.
551 865 638 936 Aperi
653 881 720 938 ergo
734 881 781 923 cer
795 865 886 933 tuum,

84 961 113 1019 et
147 961 199 1019 tibi
231 963 361 1034 quamvis
395 963 476 1019 rudia
510 964 659 1034 incorpora
693 963 885 1035 infrascripta.

83 1060 153 1132 Ipsa
175 1061 248 1116 enim
271 1061 483 1131 praeservativa
498 1061 565 1118 snut
580 1061 609 1118 et
627 1061 823 1118 conservativa
837 1061 887 1118 hu·
972 1060 974 1063 ’

83 1158 151 1215 midi
167 1157 308 1226 radicalis,
324 1160 390 1231 quia
405 1176 436 1216 ea
451 1159 484 1216 de
498 1159 576 1232 ligno
591 1160 666 1216 vitae
681 1161 800 1231 suscepi.
813 1159 887 1216 Cave

83 1257 179 1325 etiarn,
201 1273 237 1313 ne
256 1257 366 1329 lignum
389 1257 521 1315 scientiae
536 1257 564 1315 te
579 1259 690 1316 revocet
704 1258 740 1314 ab
754 1258 807 1316 hcc
826 1275 885 1324 esu,

82 1354 112 1412 et
131 1354 225 1412 nudus
246 1356 370 1412 verearis
392 1373 529 1428 apparere
543 1373 637 1414 ceram
653 1355 775 1422 Christe,
790 1356 886 1427 insipi·
955 1375 959 1382 ·

83 1453 175 1525 daque
196 1452 248 1509 tibi
270 1453 369 1525 sapida
390 1454 419 1511 et
438 1453 537 1525 sapida
558 1454 680 1526 insipida
702 1454 861 1511 videantur.

166 1551 221 1610 Hic
244 1567 309 1609 vere
330 1552 441 1609 medum
465 1552 586 1621 vivendi,
605 1553 713 1619 eraudi,
734 1552 887 1609 meditandi

82 1649 209 1706 inveniet
228 1651 271 1706 vir
292 1649 420 1708 devotus.
441 1651 476 1708 In
499 1651 562 1708 istis
584 1652 724 1708 excitatur
746 1649 887 1723 perfectus

83 1747 119 1804 ad
133 1747 288 1828 arduorum
310 1739 485 1822 aggressum,
501 1748 535 1804 ad
551 1748 732 1806 adversorum
754 1765 886 1820 congres-

84 1862 147 1902 sum
169 1844 198 1902 et
219 1845 255 1901 ad
277 1861 462 1917 supernorum
485 1847 654 1919 ingressum.
671 1845 706 1903 ln
728 1846 772 1902 his
793 1846 886 1903 iustus

83 1943 119 2000 ab
140 1942 248 2000 infimis
268 1944 397 2016 eripitur,
413 1944 448 2001 ad
469 1945 569 2001 intima
591 1944 744 2017 colligitur,
760 1944 795 2001 ad
813 1961 886 2000 sunr-

84 2059 131 2098 ma
151 2041 273 2114 erigitur
288 2059 350 2098 cum
366 2042 486 2099 dulcore.
502 2041 554 2110 Qui
576 2060 648 2114 erge·
659 2042 779 2100 vuluerit
799 2059 888 2114 usque

83 2139 119 2195 ad
133 2138 290 2210 perfectum
305 2154 428 2197 crescere
445 2140 523 2212 legat
544 2139 573 2196 et
594 2139 712 2211 impleat
732 2157 802 2212 quae
825 2140 887 2196 sub·

84 2237 206 2294 scribam
229 2237 360 2294 crucifixi
382 2237 477 2310 gratia
497 2239 644 2310 irrigante.

436 2431 537 2492 Oratio.

168 2653 183 2680 «
197 2629 355 2702 Transfige,
371 2630 530 2687 dulcissime
553 2629 669 2687 Domine
684 2631 749 2686 Iesu
765 2629 887 2699 Christe,

83 2729 224 2786 medullas
238 2728 348 2784 animae
363 2743 439 2784 meae
461 2729 628 2785 suavissime
649 2745 682 2784 ac
703 2728 888 2786 saluberrimo

83 2827 200 2884 vulnere
223 2827 328 2884 ameris
348 2826 399 2882 tui.
414 2825 539 2884 Vulnera
553 2827 661 2883 viscera
681 2828 790 2884 animae
812 2843 888 2884 meae

84 2941 151 2983 vera
165 2923 195 2982 et
210 2923 338 2981 fraterna
358 2922 387 2980 et
406 2924 561 2996 apostolica
576 2924 704 2994 caritate,
720 2925 753 2982 ut
767 2942 831 2983 vere
845 2942 888 2982 ar·
