2284 3484
256 247 399 291 orumoum
418 247 556 289 rennuens
577 246 631 288 uso
651 245 779 290 onuoro.
863 225 921 285 199

119 440 187 506 cies,
201 454 252 511 por
266 438 420 510 superioris
435 434 621 494 obedientlam
643 434 739 503 facias,
754 432 796 503 ut,
811 433 923 506 quando

120 536 196 595 buna
217 536 295 604 iacis,
310 552 343 593 er
360 534 490 593 caritatis
510 533 603 592 radice
617 532 646 590 et
660 531 834 591 obedientiae
847 532 923 589 insu·

121 652 172 707 per
193 632 376 692 fundamento
398 632 449 689 tibi
470 648 504 689 ex
524 647 661 690 concursu
682 629 785 688 harum
803 629 923 687 duarum

122 732 263 791 virtutum
284 746 394 803 semper
415 729 547 788 meritum
568 728 739 801 duplicetur.

203 828 328 889 Secundo
343 829 463 901 imponit
478 828 530 886 tibi
545 824 754 901 regula(1),nt
767 824 924 885 vicessima

121 928 245 1001 proprio
263 927 300 995 et,
322 927 356 984 ut
381 943 413 984 ex
434 925 618 999 sequentibus
632 926 660 982 in
675 924 775 997 regula
790 921 879 995 patet,
894 923 924 980 in

122 1024 334 1083 districtissima
355 1022 533 1096 paupertate,
549 1022 582 1079 ut
596 1020 666 1079 nihil
681 1020 780 1079 haberi
794 1020 924 1093 patierin,

123 1123 198 1197 quod
224 1122 362 1181 auaritiae
389 1121 562 1181 incentivum
583 1120 635 1177 aut
654 1119 787 1178 lasciuiae
808 1120 853 1177 vel
881 1135 925 1177 su·

124 1222 238 1295 perbiae
266 1221 401 1295 praebeat
428 1221 486 1279 ullo
517 1219 608 1279 modo.
630 1218 695 1277 Non
723 1218 847 1287 cellaria,
867 1234 925 1276 nou

123 1320 244 1389 vinaria,
266 1336 321 1379 uon
352 1320 497 1393 granaria,
524 1332 581 1377 non
612 1332 803 1389 quaecumque
831 1333 926 1389 prom·

122 1419 238 1491 ptuaria
258 1417 364 1477 habeas
385 1414 547 1475 instaurata
569 1415 683 1487 praeter
703 1415 763 1483 illa,
785 1430 856 1487 quae
881 1415 926 1472 iu·

123 1517 205 1575 stans
225 1516 255 1575 et
275 1516 389 1575 euidens
410 1515 506 1588 exigit,
521 1530 577 1573 non
594 1512 746 1587 possibilis,
762 1513 811 1571 sed
829 1513 924 1571 actua-

121 1615 159 1673 lis
173 1614 327 1673 necessitas
341 1612 501 1672 manifesta.
523 1612 588 1671 Non
606 1612 666 1671 sint
678 1611 779 1671 domus
792 1612 925 1681 excelsae,

120 1728 177 1772 uon
199 1730 280 1771 areae
301 1711 469 1785 superfluae,
491 1726 547 1769 non
569 1727 615 1769 res
636 1710 718 1779 allae,
740 1709 773 1768 ut
793 1709 838 1768 est
859 1725 927 1783 pos-

123 1811 215 1880 sibile,
235 1810 385 1883 pretiosae.
405 1808 453 1877 nt,
467 1808 639 1867 utbreviter
660 1808 834 1877 concludam,
854 1807 926 1865 nihil

122 1908 168 1967 est
182 1896 239 1966 tioi'
248 1906 464 1975 admittendum,
479 1906 553 1979 quod
567 1906 628 1963 sine
642 1906 767 1978 periculo
782 1905 927 1977 spirituali

123 2006 221 2065 valeas
241 2005 383 2076 devitare;
404 2004 472 2063 haec
494 2004 568 2063 enim
590 2003 684 2063 omnia
704 2003 740 2061 ad
766 2004 810 2062 ius
837 2003 928 2077 perti·

123 2103 195 2163 nent
214 2103 372 2162 altissimae
394 2101 601 2176 paupertatis(
622 2101 645 2175 ).

206 2200 301 2261 Tertio
328 2201 381 2259 tibi
406 2202 527 2260 castilas
559 2198 729 2273 proponitur
760 2199 790 2257 in
819 2199 926 2270 eadem,

123 2302 169 2361 oui
190 2316 291 2373 parum
313 2299 352 2359 sit
372 2298 479 2359 factum
500 2314 613 2358 enorme
627 2298 673 2356 vol
687 2297 851 2370 suspectum
864 2314 928 2357 cou-

124 2397 366 2468 sortiumuitare,
389 2396 542 2456 sedetiam
571 2396 688 2455 studeas
714 2411 861 2468 nunquam
889 2397 928 2454 vi-

124 2498 199 2567 dere,
220 2496 318 2555 audire
338 2496 384 2555 vel
403 2495 511 2569 ulloqui
529 2495 683 2563 mulierem,
698 2493 747 2552 ubi
761 2494 853 2566 possit
867 2495 927 2553 sine

126 2650 286 2662 -————-

191 2747 201 2792 l
249 2759 264 2793 a
282 2779 288 2794 .
308 2744 330 2791 1.

188 2748 214 2887 23
232 2744 282 2874 girp
300 2827 399 2884 Bonam,
418 2824 512 2884 Expos.
524 2839 582 2885 sup.
594 2825 675 2884 repul.
688 2824 718 2871 F.
731 2823 778 2881 M„
794 2836 815 2872 c.
828 2823 843 2870 6
859 2836 884 2871 n.
899 2822 927 2871 15

126 2909 152 2956 et
168 2906 334 2953 Determe'noi.
353 2909 458 2965 quaest,
475 2918 499 2965 p.
517 2905 528 2951 l
544 2918 568 2963 q.
586 2905 610 2951 6.
