2284 3484
147 263 150 269 ν
242 250 386 291 courrornr
407 249 544 293 Pronurus
565 252 618 293 ruo
640 252 767 293 ornuoro.
850 235 907 293 157

105 442 151 501 est
171 443 311 503 districtio
330 446 389 502 suis
410 444 439 501 in
459 445 601 503 communi
614 445 643 503 et
658 446 772 516 proprio
794 445 907 516 penitus

106 541 270 628 renuntiare
290 541 319 599 et
333 559 419 615 egene
436 544 530 600 vivere
542 541 597 617 (1),
612 543 686 615 quod
705 542 755 600 isti
773 542 908 611 fecerunt,

105 657 191 713 quem
212 641 266 699 soli
286 640 455 713 proprietati
476 640 689 699 renuntiasset
713 641 854 713 possidere
875 659 908 699 ea

106 755 170 796 oum
191 740 256 797 eliis
283 740 313 797 in
333 741 480 808 communi,
502 740 535 797 ut
561 740 677 798 sanetus
702 739 796 798 docuit
823 740 908 799 Bene·

67 817 75 831 ⁸
106 836 208 903 diotae,
229 837 343 917 turbem
364 838 441 895 illam
463 838 680 911 apostolicorum
701 837 825 895 Aotuum
845 838 908 895 imi-

106 934 197 993 tatus.
218 935 256 992 Et
277 935 465 1009 Hieronymus
496 936 531 993 ad
552 936 734 995 Heliodorum
747 936 804 1010 (2),
824 953 905 1009 quem

106 1034 140 1091 de
161 1034 331 1093 monachatu
345 1034 525 1103 hortabatur,
540 1036 625 1093 dioit:
645 1058 660 1086 ι
674 1036 727 1104 Qui
748 1036 776 1093 in
793 1034 906 1094 christo

105 1132 205 1201 orodis,
216 1132 245 1190 et
256 1134 316 1191 eius
326 1134 406 1191 orode
421 1134 611 1192 sermonibus:
628 1133 764 1209 Quaerite
776 1134 906 1205 primum

105 1247 229 1305 reprobem
243 1232 308 1303 Dei,
323 1232 434 1289 ethaeo
454 1233 555 1289 omnio
569 1231 744 1289 adiiciuntur
757 1232 838 1290 vobis
850 1232 906 1305 (3).

106 1328 171 1387 Non
186 1328 237 1386 tibi
254 1346 322 1401 pera
344 1330 487 1398 sumenda,
509 1346 565 1387 non
587 1331 684 1402 virga3
699 1328 806 1387 affatim
829 1329 907 1387 dives

105 1427 218 1501 estqui
239 1444 302 1487 eum
324 1428 437 1487 Christo
458 1445 566 1501 pauper
587 1428 640 1486 est.
661 1428 700 1485 Et
719 1428 772 1487 hoo
792 1427 843 1485 tibi
865 1444 906 1487 oc·

105 1527 202 1584 ourret
216 1526 397 1600 antiquorum
411 1528 573 1585 sanctorum
588 1527 695 1599 scripte
706 1527 735 1585 et
746 1543 831 1600 opera
845 1544 906 1599 per·

105 1625 263 1695 scrutanti;
279 1627 302 1683 si
316 1626 404 1683 hebes
418 1626 510 1697 plura,
523 1626 681 1699 interroges
694 1625 867 1684 confidenter
876 1649 904 1683 s.

186 1724 251 1783 Dixi
271 1724 360 1797 igitur
381 1724 504 1783 Seniori:
533 1724 664 1792 Obsecro,
696 1741 759 1781 oum
790 1724 904 1782 divitiae

105 1814 169 1879 sint
185 1822 326 1880 ditissimi
347 1822 493 1880 creaturae
514 1822 543 1879 et
562 1822 652 1880 bonae
672 1822 740 1889 sint,
762 1839 848 1894 quaro
862 1839 905 1879 ea·

105 1938 169 1979 rum
190 1920 329 1979 abdicatio
349 1920 498 1994 tantopore
519 1920 664 1988 suadetur,
680 1938 743 1977 oum
758 1920 902 1993 peecatum

103 2036 206 2077 oeneus
223 2036 280 2077 non
294 2020 388 2087 iaciat,
404 2019 452 2077 sed
466 2018 585 2077 affectus
597 2019 651 2093 (4),
666 2036 730 2076 oum
742 2018 827 2076 etiam
842 2036 905 2076 san·

102 2117 165 2174 etos
185 2116 330 2188 quosdam,
352 2117 385 2174 ut
405 2116 550 2175 Abraham
571 2117 601 2173 et
615 2116 667 2174 Iob
681 2117 710 2173 et
724 2116 820 2188 plures
834 2118 905 2174 alios

101 2214 232 2287 legamus
253 2214 360 2271 divitiis
380 2215 546 2273 abundasse.
563 2214 720 2286 Respondit
732 2215 830 2273 Senior
841 2215 902 2288 (5):

102 2312 189 2380 Soito,
221 2314 364 2385 inquienS,
395 2312 630 2371 abdicanderum'
647 2313 809 2371 divitiarum
844 2330 904 2370 esse

102 2448 263 2457 ..----ι

168 2516 191 2576 1)
208 2516 308 2574 Bonan,
326 2517 401 2575 Apol.
415 2530 507 2576 paup„
528 2530 548 2562 e.
569 2518 582 2563 7
600 2530 625 2563 n.
647 2516 662 2563 4
678 2530 714 2574 sq.
736 2519 762 2564 et
780 2531 805 2564 n.
824 2517 861 2576 15,
879 2518 904 2564 et

101 2598 198 2657 Expos.
215 2611 271 2655 sup.
289 2597 369 2655 repul.
388 2596 418 2641 F.
437 2596 483 2653 M„
501 2610 513 2643 o
531 2597 542 2643 1
560 2611 586 2644 n.
605 2598 628 2644 7.

160 2676 191 2735 e)
208 2675 286 2735 nprsr.
306 2676 334 2722 rr
353 2662 424 2734 (arras
442 2676 464 2736 1]
483 2691 506 2723 n.
527 2678 548 2723 r.

167 2757 191 2816 3)
210 2757 299 2803 naeth.
318 2756 356 2812 16,
376 2756 416 2803 33.

105 2831 112 2835 ”
165 2836 190 2896 4)
207 2835 316 2895 drogon,
334 2836 360 2881 X
375 2836 478 2893 Moral„
496 2849 516 2882 o.
535 2837 606 2883 3011.
625 2837 664 2883 49.

166 2918 191 2975 5)
209 2915 258 2964 cfr.
275 2917 376 2975 Bonan,
393 2916 468 2978 Apol.
482 2930 575 2978 paup,
592 2931 613 2964 e.
632 2918 645 2963 7
662 2931 686 2964 n.
706 2916 737 2963 24
753 2918 778 2966 et
793 2917 832 2963 25.
