2284 3484
226 229 262 286 72
486 248 626 290 suinuuus
647 247 759 290 mones.

223 453 301 504 suae,
330 435 432 510 quibus
462 438 584 512 undique
612 439 816 511 circumplexus
846 437 950 497 reuerti
976 453 1021 495 ne·

224 536 311 607 quivi.
331 535 453 609 Ideoque
473 537 511 594 ibi
525 536 623 595 habito
638 537 675 605 et,
691 536 792 610 quibus
806 536 938 604 vescitur,
951 536 1020 594 cibis

223 649 321 692 vescor
341 650 374 691 ec
393 633 432 691 ibi
452 634 575 692 inebrior
589 651 639 693 suc
661 635 745 707 potu;
760 635 798 693 ibi
813 634 896 692 tenta
908 633 1020 692 abundo
1122 619 1123 628 ¹

133 770 138 778 ·
222 731 376 800 dulcedine,
396 733 429 790 ut
449 732 501 789 tibi
525 749 582 791 non
603 734 711 791 valeam
738 749 880 798 enarrare.
907 732 946 789 Et
973 732 1020 804 qui
1122 751 1123 760 ³

223 829 302 901 prius
323 844 374 901 pro
395 830 588 902 peccatoribus
609 831 702 890 fueret
727 834 755 889 in
777 831 857 890 utero
877 830 1024 904 virginali,

223 943 297 985 nunc-
311 926 445 1001 dignetur
459 945 503 986 me
517 931 651 990 miserum
665 930 739 988 inter
759 947 810 988 sue
830 931 937 987 mscera
950 945 1020 987 com·
1121 924 1125 1003 Ξ

223 1024 347 1097 periere.
378 1026 430 1084 Sed
459 1028 581 1085 multum
610 1029 702 1096 timeo,
730 1046 766 1092 ne
793 1028 888 1086 veniet
918 1027 1019 1099 pertus

223 1125 294 1192 eius,
313 1123 343 1181 et
372 1107 498 1182 abillis
523 1125 629 1184 deliciis
650 1126 782 1195 excidam,
803 1126 903 1198 quibus
931 1123 1017 1183 fruor.

223 1221 314 1290 Certo,
337 1223 366 1280 et
386 1223 468 1280 sime
489 1224 638 1295 pepererit,
653 1223 764 1282 debebit
778 1239 820 1280 me
835 1222 909 1282 sicut
929 1222 1019 1280 meter

223 1321 283 1378 suis
308 1320 416 1379 laetere
443 1321 585 1390 uberibus,
613 1322 709 1379 levore
737 1320 874 1389 menibus
906 1321 1020 1392 portere

222 1417 353 1488 brachiis,
373 1420 513 1478 consolari
532 1420 636 1478 osculis
657 1420 686 1478 et
706 1419 799 1478 fouere
819 1421 943 1491 gremiis.
962 1418 1021 1476 Aut

222 1517 298 1574 certe
319 1517 384 1586 scio,
409 1518 476 1590 quid
495 1517 612 1588 feciem3
634 1517 888 1591 quantumcumque
910 1534 954 1576 me
974 1533 1020 1589 pa·

222 1614 288 1683 riat,
310 1616 374 1684 scio,
397 1616 470 1688 quod
491 1632 601 1688 semper
615 1633 666 1674 sua
684 1616 803 1674 vulnere
823 1615 891 1673 sunt
911 1616 1019 1687 aperte,

225 1712 254 1769 et
275 1728 325 1784 per
345 1729 378 1771 ea
396 1714 426 1770 in
447 1715 506 1772 eius
526 1714 639 1772 uterum
653 1713 756 1772 iterum
777 1713 907 1780 introibo,
928 1713 957 1770 et
969 1711 1021 1770 hoe

223 1807 308 1868 toties
321 1810 470 1883 replicabo,
490 1827 634 1884 quousque
655 1827 701 1870 ero
723 1811 775 1870 sibi
794 1809 1021 1883 inseparabiliter

222 1907 461 1981 conglobatusO
490 1910 611 1968 coecitas
639 1909 759 1968 filiorum
788 1908 875 1977 Adae,
896 1909 944 1981 qui
971 1925 1020 1980 per
1062 1895 1071 1912 ⁸

222 2006 291 2064 haec
310 2006 429 2064 vulnera
449 2007 478 2064 in
500 2005 645 2065 Christum
666 2006 795 2066 nesciunt
815 2006 948 2066 introire!
973 2006 1021 2064 Su·

226 2120 276 2176 per
306 2120 372 2163 sues
398 2105 473 2163 uires
502 2104 636 2164 laborant
662 2107 690 2164 in
719 2122 832 2175 venum,
861 2106 890 2164 et
920 2105 1021 2176 aperta

224 2201 292 2260 sunt
312 2202 385 2260 ostia
405 2203 441 2260 ad
462 2205 593 2276 quietem.
615 2205 659 2262 An
680 2204 828 2276 ignoratis,
849 2203 923 2276 quod
944 2202 1022 2260 Obri-
1127 2185 1128 2234 i

223 2300 286 2359 stus
306 2302 350 2359 est
376 2301 510 2374 gaudium
535 2296 703 2362 beatorum?
731 2302 787 2360 Cur
808 2318 874 2376 ergo
898 2301 1021 2359 tardetis
1127 2295 1128 2300 ’

223 2415 274 2473 per
294 2399 338 2458 sui
358 2401 483 2472 corporis
508 2400 646 2460 foramine
674 2402 703 2459 in
724 2400 799 2459 istud
819 2400 954 2474 gaudium
981 2402 1021 2458 in·

222 2498 330 2558 troico?
350 2497 490 2567 Quomodo
511 2499 651 2569 insanitis,
673 2499 745 2572 quod
766 2498 911 2558 beatitudo
935 2515 1021 2571 enge·

221 2595 313 2654 lorum
335 2597 423 2669 petet,
437 2598 467 2655 et
480 2598 667 2656 circumstans
681 2598 774 2669 peries
794 2597 838 2655 est
852 2596 1020 2666 confractus,

222 2693 251 2751 et
270 2710 321 2753 vos
341 2695 458 2754 introire
478 2695 644 2769 negligitis?
664 2695 710 2754 An
725 2695 820 2755 forsan
841 2695 1021 2769 exspectatis,

222 2792 296 2865 quod
316 2793 396 2864 prius
416 2793 577 2851 resolvetur
593 2809 696 2868 corpus
717 2793 851 2863 vestrum,
866 2791 1021 2860 credentes,

221 2890 296 2963 quod
318 2892 348 2949 in
376 2891 519 2963 praesenti
544 2893 639 2950 anime
665 2895 694 2950 in
717 2892 830 2952 Christo
849 2908 907 2951 non
926 2890 1023 2950 ualeat
