2284 3484
238 260 380 303 eluricum
402 262 539 304 PAUPERIS
559 263 613 303 PRO
635 263 763 305 DILECTO.
846 246 903 305 145

105 468 156 509 sua
176 451 331 524 hospitium
353 454 382 510 in
396 453 593 527 Hierosolyma
613 470 670 512 non
690 454 815 524 inuenit3
830 453 904 527 qued

105 550 227 610 faciliter
247 552 410 619 invenisset,
433 553 455 609 si
477 552 585 610 loculus
611 551 767 610 habuisset.
789 552 832 609 Ex
857 552 903 610 his

104 650 192 723 igitur
212 649 241 707 et
261 650 401 735 similibus
421 650 545 720 aduerte,
566 651 639 723 quud
659 650 733 709 sicut
753 650 904 723 aliquando

25 810 27 814 ,
105 744 462 816 manducavitccmmuuia,
477 748 630 821 aliquande
643 766 698 807 nun
713 748 903 818 manducauit,

104 846 255 919 aliquande
277 848 470 931 persecutores
483 845 567 919 fugit,
582 846 734 921 aliquando
748 863 804 905 nun
819 846 904 920 fugit,

105 946 144 1003 sic
164 945 315 1017 aliquande
335 946 443 1004 loculos
463 946 572 1015 habuit,
594 946 745 1018 aliquando
772 961 828 1004 nun
856 945 904 1003 ha-

104 1044 175 1112 buit,
197 1044 226 1101 et
245 1060 300 1101 nen
322 1044 444 1102 habendi
464 1044 569 1103 luculos
590 1044 736 1116 discipulis
755 1044 847 1117 legem
861 1043 905 1102 de·

104 1142 155 1209 dit,
170 1159 255 1215 quam
269 1142 369 1215 etipse
381 1160 490 1215 semper
502 1143 583 1215 quasi
597 1141 732 1209 servavit,
748 1143 796 1215 qui
811 1142 905 1214 coepit

103 1239 198 1309 facere
212 1244 239 1297 ct
252 1242 352 1299 docere
364 1238 418 1315 (1),
430 1241 491 1309 Sed4
503 1242 568 1313 quie
579 1240 732 1299 necessitas
742 1240 833 1313 legem
847 1256 904 1298 nou

105 1338 199 1409 habet,
219 1362 233 1391 e
246 1340 372 1411 tempere
387 1342 526 1413 passienis
540 1339 573 1397 de
591 1339 728 1397 habendis
741 1338 777 1396 ad
790 1337 904 1411 tempus

104 1439 217 1496 tantum
245 1440 344 1497 loculis
371 1438 554 1512 dispensavit.
584 1438 664 1495 Unde
691 1438 782 1495 Lucae
803 1438 841 1495 22
858 1437 902 1513 (2)
949 1507 952 1511 ¹

104 1537 190 1595 dixit:
217 1530 340 1613 Quando
360 1538 429 1595 misi
450 1554 500 1595 uos
520 1538 584 1595 stne
603 1533 717 1595 sacculo
738 1539 766 1593 ct
781 1552 857 1609 pera
877 1538 905 1594 ct

104 1636 314 1709 calceamentis
335 1635 471 1707 nunquid
491 1635 607 1707 cliqne'd
627 1632 722 1703 defuit
739 1630 844 1692 cobis?
861 1631 905 1691 At

96 1732 152 1790 'itti
172 1732 329 1791 dixerunt:
349 1733 448 1791 Nitil.
469 1733 557 1791 Dicit
577 1749 645 1807 erpo
670 1734 729 1791 eis:
750 1730 808 1791 Sed
826 1747 905 1789 nnnc

105 1832 156 1903 qni
177 1832 261 1889 tebet
279 1832 438 1903 saccutum,
466 1832 552 1890 tollet
577 1832 715 1889 similiter
739 1833 768 1888 et
788 1847 902 1901 perun
1019 1880 1023 1886 .

103 1929 149 1987 Ibi
169 1931 265 2003 glossa
281 1930 341 2003 (3):
369 1931 432 1989 Neu
464 1931 560 1988 eadem
581 1931 692 1987 uiuendi
720 1930 820 2002 regula
840 1946 905 2001 per·

104 2029 265 2097 mentionis,
281 2045 336 2101 qua
355 2030 432 2100 pacis
453 2029 578 2101 tempure
593 2028 746 2101 discipules
758 2026 903 2087 informat.

104 2128 199 2184 Missis
221 2128 294 2185 enim
315 2126 351 2184 ed
372 2127 590 2199 praedicandum
607 2127 762 2198 discipulis,
775 2142 812 2183 nc
832 2124 905 2197 qnid

105 2226 238 2283 tollerent
258 2226 290 2283 in
317 2226 367 2283 nic
389 2218 540 2297 praecepit
555 2226 610 2299 (4),
632 2208 784 2297 ordinans,
798 2227 833 2281 nt
852 2224 904 2295 qut

102 2322 285 2395 eecnpeiinm
317 2324 478 2391 ennuntiat
508 2322 541 2380 dc
569 2323 717 2397 euangelio
749 2322 829 2379 uiuat
847 2321 903 2396 (5).

102 2419 237 2478 Instante
265 2438 330 2480 vero
351 2422 451 2479 mertis
471 2421 592 2480 articulo
612 2421 641 2479 et
667 2420 729 2479 teta
748 2420 798 2477 illa
819 2418 904 2491 gente

3 2583 7 2598 ⁴
102 2518 247 2590 pastorem
261 2520 345 2578 simul
360 2520 389 2578 et
401 2536 515 2593 gregem
536 2519 728 2593 persequente,
750 2533 903 2591 congruam

102 2636 264 2645 ——-----

167 2686 191 2746 1)
209 2687 262 2735 let.
282 2687 304 2745 1,
324 2688 345 2734 l.
577 2703 580 2708 ·
730 2687 755 2745 2)
772 2686 801 2733 V.
820 2686 849 2732 35
866 2698 902 2743 sq.

24 2752 57 2787 ⁹
167 2768 190 2825 3)
209 2766 303 2815 Scilicet
318 2769 459 2825 ordinaria,
476 2782 506 2815 eu
527 2770 600 2827 Beda,
618 2769 649 2815 VI
664 2767 788 2815 comment.
805 2766 830 2813 iu
847 2767 903 2814 Luc.

102 2849 143 2905 22,
161 2848 191 2893 35
208 2860 244 2905 sq.
264 2847 316 2906 (cir.
335 2850 434 2907 Bonan,
452 2850 528 2908 Apol.
543 2864 636 2909 paup„
653 2863 675 2895 c.
694 2850 707 2895 7
724 2862 748 2894 n.
766 2848 817 2907 39).

165 2928 191 2989 4)
208 2928 283 2976 Marc.
301 2930 325 2987 6,
343 2930 365 2977 8.
681 2930 707 2989 5)
724 2929 735 2975 Ι
752 2929 804 2977 Gur.
820 2929 845 2988 e,
864 2928 902 2976 14.

812 3029 841 3076 10
