2284 3484
242 253 282 312 86
507 273 649 316 murus
668 273 779 316 uuum.

241 462 315 519 idem
336 463 453 520 elferius
471 464 517 521 vel
536 463 612 520 alius
635 465 733 522 melier
756 465 795 522 sit
818 465 847 522 iu
871 464 961 522 fratre
978 464 1040 539 tuo.

241 561 290 628 Et,
314 564 445 633 quamvis
471 580 528 620 neu
555 565 596 620 sic
618 565 675 621 cite
701 563 829 636 liquefiat
854 580 922 635 prae
945 579 1040 621 amere

241 661 316 716 sicut
335 661 378 727 tu,
399 661 521 718 fortasse
540 662 733 720 consolidatur
752 662 797 718 rel
817 661 983 719 maturescit
996 661 1039 718 vel

241 761 343 816 crescit
361 761 392 816 iu
412 760 495 827 beno,
514 762 544 817 et
563 761 593 817 hi
614 762 683 818 sunt
702 761 822 818 forsitan
837 761 966 818 meliores
979 758 1041 817 elie·

241 859 315 915 ctus.
335 859 375 915 Et
387 859 470 926 ferte,
483 877 548 916 cum
560 859 651 917 credis
664 859 810 932 liquefieri,
829 860 862 916 tu
875 859 1041 928 marcescis;

241 957 271 1013 et
290 957 352 1015 ideo
371 958 443 1015 alies
470 975 526 1014 nen
556 959 651 1014 minus
683 958 713 1014 te
743 956 860 1029 propter
879 957 950 1014 talia
978 973 1042 1028 per·

242 1055 330 1112 iectus
350 1056 464 1122 iudices,
479 1055 527 1111 sed
548 1057 644 1128 potius
656 1055 733 1123 time,
748 1072 783 1113 ue
801 1053 854 1112 sibi
874 1071 930 1113 uon
944 1055 1041 1112 valeas

240 1154 407 1224 comparari
427 1153 503 1210 Nam
523 1154 642 1221 sicera,
662 1169 726 1210 cum
753 1151 863 1225 liquefit
886 1151 923 1209 ad
944 1153 1041 1220 selem,

240 1251 342 1308 ceteris
362 1252 501 1308 creaturis
520 1251 641 1307 diceret:
660 1251 770 1308 nullum
789 1249 952 1308 beneficium
974 1251 1042 1308 solis

242 1351 370 1406 autnon
389 1349 432 1406 ita
452 1366 586 1420 maguum
608 1351 762 1421 percipitis,
791 1349 864 1406 sicut
883 1365 943 1420 ego,
972 1348 1042 1406 stul-

241 1447 302 1503 tum
323 1446 407 1513 esset,
427 1449 502 1519 quia,
517 1447 570 1504 etsi
584 1448 678 1503 cetera
698 1463 755 1504 nou
775 1445 923 1519 liquefiant
942 1445 978 1503 ad
1001 1462 1041 1504 se·

239 1543 294 1599 lem
315 1544 481 1616 sicutipse,
502 1547 597 1602 umen
619 1545 678 1601 tam
699 1545 815 1603 arbores
828 1561 912 1618 quam
931 1544 1043 1603 fructus

242 1643 352 1712 potiora
373 1643 507 1700 beneficia
526 1644 677 1714 recipiunt.

322 1740 408 1799 Potes
427 1742 522 1798 autem
544 1741 573 1798 et
594 1741 709 1800 alitera
729 1743 758 1798 te
773 1741 965 1814 supradictam
981 1741 1043 1800 ten-

241 1836 376 1896 tationem
407 1838 541 1910 effugare.
569 1838 661 1896 Debes
692 1841 765 1896 enim
796 1839 930 1912 cogitare,
958 1840 1042 1912 quod,

240 1936 314 1992 sicut
333 1937 472 2008 quantum
492 1937 528 1992 ad
549 1936 623 1995 bena
644 1937 788 1995 naturalia
809 1937 859 1994 Dei
886 1937 1041 1995 bonitatem

242 2034 447 2106 participamus
466 2052 573 2103 umnec,
594 2035 636 2093 ita
663 2036 767 2103 tamen,
789 2035 862 2108 qued
889 2037 1042 2094 secundum

241 2131 326 2189 aliam
349 2135 486 2191 rationem
507 2133 562 2190 iste
583 2151 666 2206 quam
688 2133 745 2203 ille,
767 2135 795 2191 et
816 2134 885 2206 quet
906 2135 974 2191 sunt
992 2134 1044 2192 ho-

240 2230 338 2298 mines,
359 2231 444 2289 imme
465 2231 534 2303 quet
554 2232 709 2300 creaturae,
731 2232 775 2290 tot
794 2231 956 2288 differentes
976 2249 1044 2303 par-

240 2327 375 2398 ticipandi
396 2329 447 2386 Dei
468 2329 624 2398 benitatem
642 2330 769 2388 rationes
790 2329 985 2403 reperiuntur3
1001 2330 1044 2387 ita

241 2426 326 2482 simili
340 2427 420 2486 mede
434 2428 601 2486 credendum
616 2429 660 2486 est
674 2428 810 2501 quantum
833 2429 868 2486 ad
889 2429 962 2486 bona
983 2429 1044 2501 spi-

240 2522 357 2580 ritualia
376 2526 405 2581 iu
426 2525 643 2583 rationabilibus
670 2526 824 2595 creaturis3
852 2541 918 2582 nam
946 2527 1043 2598 gratia

240 2619 373 2676 naturam
395 2622 512 2692 perficit.
535 2623 574 2680 Et
593 2622 667 2681 hauc
687 2623 880 2681 diversitatem
902 2623 930 2680 in
960 2624 1042 2696 spiri·

241 2714 367 2774 tualibus
380 2718 461 2776 denis
475 2720 568 2777 inruit
582 2721 728 2793 apostulus
746 2721 782 2778 ad
802 2720 963 2779 corinthios
978 2720 1042 2797 (1);

242 2850 400 2861 ——....

304 2929 326 2988 ι)
345 2929 449 2988 apisci
467 2946 488 2977 c.
506 2933 529 2989 r,
547 2933 570 2980 a.
