2284 3484
262 1178 340 1252 Quod
359 1179 444 1240 utiles
464 1187 531 1238 aunt
550 1180 721 1240 tentationes
740 1178 827 1239 eorvis
845 1178 898 1237 Doi
911 1177 970 1254 (1).

293 1392 317 1451 Ο
338 1395 425 1451 mirae
445 1393 632 1467 benignitatis
645 1394 801 1460 ditissime,
815 1392 865 1465 qui
884 1409 937 1451 nos
954 1392 1019 1449 teu·
1128 1445 1130 1449 ,

216 1490 273 1547 tari
294 1492 446 1562 permittit,
467 1507 522 1550 non
544 1493 579 1550 ut
598 1493 752 1564 capiamur,
767 1492 817 1550 aed
836 1492 870 1550 ut
883 1490 1017 1548 timentes
1098 1567 1101 1570 .
1128 1560 1129 1567 ἵ

213 1587 250 1644 ad
270 1588 308 1656 to,
330 1590 443 1660 portum
458 1589 644 1656 tutissimum,
658 1589 811 1662 fugiamus.
829 1589 909 1648 More
927 1589 1018 1648 bonae
1128 1626 1129 1651 i

215 1685 316 1742 matris
336 1685 416 1755 faeie,
428 1669 460 1744 'o
486 1686 613 1754 Domine,
634 1703 707 1759 quae
733 1687 823 1745 filium
843 1705 863 1744 a
882 1704 912 1744 so
939 1688 1018 1744 elon·
1128 1676 1129 1679 '

213 1782 312 1854 gatum
334 1783 497 1842 desiderans
511 1785 676 1856 amplexari,
692 1802 742 1856 por
755 1785 869 1857 aliquod
882 1784 1018 1843 horribile

214 1879 267 1938 sibi
281 1881 409 1939 timorem
431 1883 539 1940 inducit
559 1884 589 1940 ot
608 1883 770 1954 expandens
791 1883 906 1940 brachia
924 1881 1016 1939 filium

214 1978 315 2051 recipit
325 1978 489 2050 fugientum,
500 1997 561 2038 oum
577 1981 680 2052 gaudio
694 1980 748 2038 sibi
761 1980 869 2038 arridet
879 1981 908 2038 ot
920 1979 1018 2038 oscula
1128 2022 1129 2031 ,

215 2075 308 2134 duloia
329 2076 468 2149 elargitur
488 2078 526 2145 et,
547 2094 583 2134 ne
603 2079 677 2136 aliae
698 2095 760 2136 ase
780 2077 902 2146 recedat,
922 2077 1018 2137 horta·

214 2173 271 2240 tur,
294 2173 404 2232 utnon
425 2175 535 2232 aooidat
555 2175 609 2232 sibi
631 2177 720 2246 malo;
740 2176 903 2235 consolatur
929 2175 1018 2239 adse

214 2269 359 2343 stringens
380 2271 409 2328 et
429 2272 540 2330 demum
561 2273 649 2332 ubera
677 2273 885 2333 subministrat.
906 2272 930 2330 Ο
950 2273 1018 2330 felir

214 2367 345 2436 tentatio,
367 2385 437 2441 quae
458 2369 495 2427 ad
515 2370 566 2428 Dei
588 2371 653 2428 Filii
674 2373 820 2443 ampiexus
840 2371 938 2444 iugero
964 2387 1018 2428 nos

214 2466 374 2537 compellis!
396 2466 419 2525 Ο
440 2467 530 2525 duleis
556 2469 694 2526 Domine!
719 2470 768 2541 qui
795 2486 846 2527 nos
874 2467 1001 2540 permitti

215 2562 338 2635 undique
359 2563 477 2637 effugari
503 2565 533 2623 ot
560 2565 718 2638 semporte
746 2566 850 2624 tribuis
877 2566 1017 2638 refugium

217 2703 375 2712 ———...

279 2791 302 2849 ι)
320 2790 369 2838 oo.
390 2773 490 2851 nonan,
512 2793 609 2851 nepeta
630 2794 789 2851 matteum,
812 2807 833 2840 c.
858 2795 884 2840 11
909 2794 939 2851 (o.
962 2793 1017 2839 vm

214 2884 270 2930 pag.
287 2870 354 2930 486).
413 2881 416 2886 '
