2284 3484
244 268 387 311 eluricum
406 250 543 312 rauruars
563 270 617 312 uno
637 270 765 312 enuere.
848 252 907 312 173

107 557 212 630 legatis
233 558 318 616 etiam
339 560 523 617 mortuorum.
545 559 623 617 Haeo
650 559 694 617 est
715 559 809 617 tamen
830 560 909 618 diffe-

108 656 212 725 rentia,
233 658 364 731 quoniam
386 657 498 715 vivente
519 657 631 715 domiuo
644 658 847 731 eleemosynam
861 659 909 717 de·

108 754 245 822 stiuaute,
267 772 377 827 semper
398 773 459 813 eam
479 757 641 828 uuio-umque
662 773 714 829 pro
728 756 849 814 fratrum
860 774 909 815 ne-

106 852 290 911 cessitatibus
320 848 552 921 commendatam,
579 854 666 913 donee
696 854 840 913 translata
860 855 907 924 sit,

107 951 205 1024 potest
231 951 359 1023 repetere
386 953 460 1009 sieut
487 969 578 1021 suam,
606 934 654 1026 qui
683 953 777 1025 petest
797 954 908 1012 mutare

106 1051 195 1108 etiam
209 1050 403 1119 voluntatem3
425 1050 473 1107 sed
493 1051 522 1108 iu
544 1051 625 1109 benis
638 1046 742 1124 legatis
756 1052 840 1109 aliter
854 1052 907 1118 est,

106 1150 173 1221 quia
196 1148 330 1207 voluntas
358 1148 462 1206 mortui
491 1148 676 1207 immutabilis
706 1150 759 1207 est.
782 1149 862 1207 Unde
883 1152 907 1208 si

105 1245 264 1320 contingat,
279 1246 455 1305 exsecutores
470 1248 617 1319 pecuniam
637 1248 762 1320 legatam
776 1265 810 1306 ae
823 1249 907 1307 alicui

105 1347 196 1404 amieo
216 1345 339 1403 fratrum
361 1363 412 1418 pro
433 1348 557 1418 ipsorum
587 1346 804 1404 necessitatibus
823 1347 907 1419 depu-

106 1444 199 1501 tatam
221 1444 361 1502 malitiose
381 1445 517 1517 repetere,
532 1459 588 1501 non
603 1444 647 1501 est
660 1445 700 1501 eis
720 1445 906 1513 restituenda,

104 1558 168 1601 cum
191 1542 338 1601 testatoris
363 1543 422 1601 sint
449 1544 586 1601 contrarii
617 1542 733 1601 ultimae
754 1543 905 1613 voluntati,

104 1640 252 1699 ettamen
274 1641 369 1697 manet
400 1643 517 1713 pecunia
548 1642 578 1697 in
608 1641 689 1699 bonis
719 1641 853 1710 defuncti,
874 1643 908 1700 ut

105 1756 195 1811 supra
216 1738 249 1796 de
271 1739 327 1796 alia
348 1739 452 1796 dietum
474 1739 528 1807 est,
549 1738 636 1797 donee
650 1738 689 1795 sit
708 1756 758 1811 pre
778 1741 905 1811 ipsorum

104 1837 323 1895 necessitatibus
354 1837 537 1905 commutata,
565 1839 632 1910 quia
661 1835 822 1896 huiusmodi
847 1854 906 1896 mo·

105 1936 208 1993 rientis
229 1935 284 1993 fuit
304 1936 425 1993 intentio
445 1936 485 1993 sie
505 1952 565 1993 eam
586 1936 682 2008 legare
704 1936 850 2004 fratribus,
872 1937 906 1993 ut

105 2032 203 2105 posset
223 2032 299 2090 lieite
320 2033 446 2104 ipsorum
467 2032 639 2105 indigentiae
667 2034 711 2091 vel
732 2033 905 2091 necessitati-

105 2131 159 2189 bus
181 2130 339 2188 subvenire,
367 2130 445 2199 Quod
477 2132 499 2187 si
532 2131 708 2189 exsecutores
739 2131 831 2199 nolint
862 2149 906 2203 pe-

103 2231 216 2287 cuniam
238 2228 377 2287 fratribus
397 2230 520 2301 legatam
547 2230 631 2286 alieni
661 2228 737 2286 fideli
769 2246 820 2302 pro
851 2230 906 2287 fra-

103 2328 182 2385 trum
215 2327 338 2386 subsidio
369 2327 513 2399 deputare,
544 2327 665 2399 pessunt
694 2328 799 2386 fratres
828 2329 906 2387 licite

103 2443 136 2483 ac
165 2427 225 2483 sine
257 2426 436 2497 perfectionis
467 2425 588 2483 laesione
619 2426 746 2484 fraudem
773 2426 905 2486 defuneto

102 2524 208 2583 laetam
229 2525 259 2581 in
281 2524 387 2581 talibus
408 2524 574 2582 denuntiare
603 2525 739 2597 praelatis
764 2527 903 2593 ecelesiae,

103 2623 151 2682 sed
180 2640 236 2681 non
264 2640 325 2681 eam
354 2623 474 2695 possunt
494 2623 662 2681 iudicialiter
683 2624 810 2697 repetere
831 2624 905 2684 siout

103 2739 185 2779 suam
198 2718 253 2794 (1).

167 2934 190 2994 l)
209 2933 257 2981 Cir.
276 2934 375 2992 Bonan,
394 2934 410 2979 l.
429 2946 449 2979 c.
468 2947 492 2979 n.
513 2933 550 2979 le.
