2284 3484
237 280 380 327 ceremon
400 280 536 325 remonis
557 278 758 325 roovomncro.
844 261 901 324 155

102 476 209 534 scilicet
230 478 322 535 clerici
345 478 404 535 sine
426 476 540 549 proprio
569 476 688 535 Domino
712 474 903 542 deservirent3

103 576 336 643 videns-autem,
369 592 415 635 eos
445 577 547 634 habere
580 576 736 648 proprium,
765 572 903 631 sustinuit

103 675 302 747 permittendo,
330 676 364 732 ut
384 676 489 748 legitur
510 691 596 732 censa
616 673 675 731 XII
703 690 730 745 q.
753 670 768 728 1
798 686 904 729 cunone

107 769 189 830 Certe
209 788 260 845 epo
273 769 330 847 (1).

183 870 335 928 Praeterea
368 870 484 928 sanctus
514 871 575 943 ipse
607 868 786 942 Augustinus
816 865 905 924 ubsti·

102 966 228 1025 nentiam
250 986 268 1025 a
288 970 353 1027 vino
375 969 404 1025 et
425 968 557 1027 carnibus
570 984 621 1025 nec
635 966 761 1024 instituit
779 982 829 1022 nec
850 981 906 1022 ser-

104 1066 192 1123 vavit.
213 1066 252 1124 Et
271 1067 364 1123 multe
378 1066 435 1125 elia
450 1066 631 1139 perfectionis
644 1065 775 1123 exercitia
789 1062 905 1121 sanctos

104 1163 273 1223 Benedictus
304 1166 430 1237 tempore
451 1166 590 1237 posterior
611 1164 727 1233 adiecit3
748 1179 799 1221 nec
819 1162 902 1219 etiam

104 1263 148 1319 est
178 1262 349 1336 incredibile,
371 1264 441 1322 alios
463 1263 633 1335 posteriores
659 1261 773 1320 sanctos
793 1261 834 1317 illi
857 1276 905 1332 pn·

104 1360 184 1417 riteti
207 1362 377 1419 monasticae
398 1361 520 1433 amplius
541 1361 684 1418 adiecisse.
699 1358 821 1417 Pedibus
841 1373 906 1429 epo

105 1458 214 1517 stolicis
240 1458 376 1532 leguntur
402 1458 488 1517 feisse
517 1458 611 1531 pretia
637 1473 771 1530 agrorum
803 1456 905 1528 posita,

105 1573 159 1615 non
182 1558 285 1615 iniecta
307 1557 436 1614 manibus
451 1574 500 1615 nec
515 1557 639 1629 reposita
660 1557 688 1613 in
704 1556 793 1623 arcis3
810 1570 905 1612 eorum

104 1655 201 1711 temen
222 1655 293 1712 nutu
315 1655 350 1712 ad
372 1655 484 1728 tempus
504 1653 753 1727 dispensabantur.
775 1651 814 1709 Et
833 1650 906 1707 hunc

104 1753 344 1825 dispensationem
370 1776 384 1805 c
399 1754 472 1811 sicut
486 1753 678 1825 impeditivam
693 1750 770 1809 verbi
784 1750 872 1807 divini
885 1771 900 1801 s

104 1851 250 1908 dimissam
264 1852 328 1909 eliis
343 1851 552 1917 commiserunt,
565 1850 598 1907 ut
610 1849 716 1923 legitur
727 1848 862 1907 Actorum
878 1846 906 1902 6.

185 1948 388 2022 Paupertatem
409 1949 503 2012 autem
525 1947 708 2021 apostolicam
726 1946 907 2018 antiquorum

106 2046 307 2105 monachornm
329 2048 444 2119 plurimi
460 2046 662 2116 ser·vaverunt;
683 2043 756 2103 sicut
776 2059 907 2116 expresse

106 2146 215 2218 legitur
225 2145 316 2217 primo
329 2145 402 2203 libro
414 2145 460 2203 De
469 2144 704 2202 institutionibus
713 2146 839 2215 patrum
850 2140 906 2216 (2).

107 2242 189 2301 Unde
210 2242 322 2311 dicitur,
344 2242 417 2315 qnod
442 2243 530 2315 aliqui
558 2242 656 2313 patres
682 2241 779 2299 altiori
804 2238 907 2312 spiritu

105 2340 136 2399 et
157 2340 266 2399 fervore
287 2340 401 2398 excitati
424 2338 615 2412 relinquentes
640 2338 783 2406 coenobia,
804 2336 907 2411 quibus

105 2440 201 2497 omnia
232 2438 285 2495 sibi
315 2439 481 2506 communie,
503 2438 539 2495 ad
559 2454 684 2495 eremum
708 2435 909 2509 confugiebant

104 2536 178 2595 nihil
200 2536 314 2608 penitus
343 2536 527 2609 possidentes,
555 2536 605 2593 sed
628 2534 662 2593 de
688 2534 821 2608 operibns
847 2550 908 2592 ma-

107 2655 268 2663 ...ῳ-

171 2705 193 2764 1)
212 2704 292 2752 Cenon
311 2702 338 2750 18
359 2717 430 2751 cansa
449 2703 477 2750 12
498 2717 521 2761 q.
542 2705 553 2749 l
576 2704 616 2763 (ex
635 2703 737 2761 August.
760 2703 839 2750 serm.
862 2701 908 2748 355

106 2786 256 2844 edm&

168 2865 193 2924 2)
212 2865 270 2913 lide
286 2864 365 2925 potius
381 2865 496 2925 Cassiod,
514 2867 550 2912 De
566 2865 685 2914 coenabit.
701 2866 825 2923 institut,
842 2878 864 2912 c.
877 2862 908 2911 36

106 2946 132 2992 et
152 2944 241 2991 Oollcrt.
262 2945 290 2991 18
306 2959 327 2993 c.
345 2946 360 2991 5
377 2958 413 3005 sq.
506 2947 510 2959 '
