2284 3484
232 213 373 257 OAN'HOUM
396 213 533 256 PAUPERIS
554 214 607 255 PRO
629 214 757 256 DILEC‘I'O.
839 197 896 255 185

97 406 130 461 ie
150 404 325 463 alterutram
351 404 436 462 ittam
462 404 703 462 administrantes
729 406 806 463 sicat
829 404 898 461 beai

98 502 310 575 dispensatores
330 501 522 572 multiformis
542 504 656 577 cratiae
677 503 744 560 Dei.
765 502 810 559 Ad
828 502 897 559 haec

97 617 163 673 ergo
184 600 326 668 attendas,
347 600 419 673 qued
441 600 530 669 labor,
552 601 586 658 de
608 618 662 673 que
683 602 712 658 iu
733 601 833 673 regula
859 600 898 656 di·

98 698 179 767 citur,
201 699 237 756 ad
258 699 314 757 tria
336 699 492 769 ordinatur,
515 699 621 757 scilicet
640 699 676 756 ad
698 699 786 757 etium
807 699 898 757 exclu-

97 797 227 867 dendum,
249 798 283 855 ad
305 798 460 857 devotionis
480 798 612 870 spiritum
627 798 807 857 nutriendum
822 798 897 855 etex

98 896 221 954 mercede
249 896 355 954 laberis
382 896 418 954 ad
446 898 571 969 corperis
600 898 757 954 necessaria
786 897 898 969 perqui-

97 994 191 1052 renda.
215 994 270 1052 Per
297 1011 459 1067 corporeum
488 995 583 1053 autem
609 994 736 1055 laborem
764 996 851 1053 otium
880 1011 897 1051 a
952 980 955 983 ’

96 1108 221 1165 corpore·
233 1093 399 1161 excluditur,
421 1109 475 1151 neu
497 1110 514 1149 a
534 1092 632 1161 cerde;
653 1093 746 1150 selcut
766 1094 839 1150 cuim
858 1094 897 1151 la·

97 1191 229 1249 herentes
250 1192 278 1247 iu
299 1191 380 1259 corde
401 1208 514 1249 uersare
529 1191 704 1263 turpissima,
719 1208 790 1264 quae
804 1192 898 1276 gelent-

96 1287 125 1345 et
145 1290 173 1345 iu
196 1305 290 1346 eorum
312 1288 395 1346 labiis
417 1305 558 1347 resonare.
577 1288 698 1361 Propter
712 1289 786 1360 qued
799 1304 898 1360 eorpo-

95 1386 172 1443 ratie
192 1388 358 1444 exercitatio
381 1386 420 1443 cd
439 1388 585 1445 medicem
605 1386 689 1444 utitis
710 1389 752 1444 eet
767 1386 821 1462 (1),
843 1388 897 1458 spi·

95 1486 210 1542 ritualis
238 1484 330 1543 autem
362 1486 523 1557 plurimum,
552 1502 624 1558 quae
651 1486 742 1544 cerdis
773 1485 896 1545 excludit

95 1582 194 1650 etium,
215 1581 405 1655 frequensque
425 1582 576 1641 meditatio
591 1585 691 1641 cereis
705 1586 748 1641 cet
761 1582 893 1656 afflietio,

95 1682 129 1739 ut
149 1681 252 1739 dicitur
274 1680 461 1739 Ecclesiaetae
485 1680 521 1739 12
538 1682 593 1755 (2).
616 1682 675 1739 Hoc
703 1682 798 1739 autem
822 1698 896 1739 exer·

94 1780 193 1837 citium
214 1781 363 1852 praecipue
385 1780 496 1837 videtur
518 1767 660 1852 impeuere
685 1782 733 1852 qui
753 1780 821 1837 dicit
836 1780 896 1854 (3):

100 1900 115 1929 ‹<
126 1878 269 1935 habereut
281 1878 331 1946 ita,
352 1878 385 1935 ut
406 1878 518 1936 excluso
540 1878 606 1946 etio,
628 1880 738 1968 animae
751 1878 863 1935 inimice
878 1900 892 1929 »

95 1975 149 2033 etc.
170 1976 213 2031 Ex
232 1975 295 2047 ipsa
316 1976 410 2033 autern
432 1975 614 2034 meditatione
635 1975 664 2033 et
684 1967 803 2047 spiritus
823 1992 897 2033 exer·

94 2074 229 2132 citatione
250 2075 342 2145 spirat
362 2074 472 2132 devotio
492 2074 571 2131 iuxta
598 2073 668 2130 illud
684 2074 745 2146 (4);
774 2073 815 2129 Ie
841 2089 896 2129 mc·

95 2172 237 2229 ditatione
257 2188 321 2229 mea
341 2172 505 2231 exardescet
524 2172 613 2245 teate.
629 2204 668 2213 -
680 2171 786 2228 Merces
801 2171 896 2229 autem

93 2270 201 2328 laboris
229 2270 308 2327 nulla
329 2268 485 2342 acquiritur
514 2269 657 2327 salubrius
677 2286 760 2341 quam
783 2269 842 2337 illa,
863 2268 897 2325 de

94 2384 152 2439 qua
171 2367 274 2425 dicitur
295 2367 386 2425 Lucae
409 2365 446 2424 10
462 2367 523 2440 (5);
539 2367 659 2440 Diceae
679 2369 722 2425 est
742 2367 897 2439 operarias

93 2464 222 2523 mercede
241 2482 305 2523 eae.
327 2465 480 2551 Ettamen
502 2465 623 2537 expedit,
645 2465 678 2522 ut
699 2466 746 2538 qui
760 2465 895 2522 maiorem

160 2713 182 2773 1)
200 2712 211 2758 Ι
228 2712 287 2759 Tim.
304 2712 328 2771 4,
348 2713 371 2759 8.
715 2712 740 2770 2)
759 2711 788 2758 V.
807 2711 845 2757 12.

104 2852 106 2857 ,
159 2792 183 2852 3)
202 2794 292 2850 Regula
308 2806 328 2839 c.
346 2794 370 2839 5.
655 2858 662 2868 ,
714 2792 739 2851 4)
757 2792 795 2837 Ps.
814 2791 853 2848 38,
871 2792 894 2838 4.

158 2874 183 2934 5)
202 2873 230 2920 V.
244 2874 267 2921 t.
280 2898 310 2907 -
322 2872 371 2919 ctr.
384 2872 478 2932 Expoe.
490 2886 547 2931 adep.
564 2872 644 2930 requi.
657 2871 687 2919 F.
699 2871 746 2929 M„
762 2885 784 2918 c.
796 2871 820 2917 5.
833 2885 858 2917 u.
872 2872 894 2918 3.
