2284 3484
401 277 492 320 oenus
512 279 582 321 xuu.
709 250 712 256 ’
858 263 898 320 99

92 467 248 541 diligimus,
269 485 350 527 omne
374 469 499 527 bonurn?
520 469 543 528 0
568 485 617 528 cor
637 469 810 538 meditantia,
832 487 903 543 quo-

93 566 175 624 modo
196 584 230 624 ex
250 567 309 625 tarn
331 567 479 625 excellenti
492 567 649 626 dilectionis
671 567 771 626 effectu
784 567 828 642 (1)
844 585 900 627 non

94 663 191 722 deficis
204 681 273 736 prae
287 667 403 745 amore?
420 665 493 735 Quid
507 667 537 722 in
551 665 604 725 hoc
618 665 695 724 aliud
710 666 800 724 voluit
814 665 899 736 Deus,

94 763 150 820 nisi
173 778 227 820 nos
251 779 302 822 suo
322 763 462 821 inebriare
483 765 600 823 amore?
621 763 734 834 Quanta
762 763 806 822 ast
833 763 902 822 haec

95 859 240 918 cresone
254 861 307 918 mei
321 861 458 933 dignatio,
474 861 546 934 quod
564 861 677 919 tantum
692 861 834 920 desiderat
850 877 902 919 nos

95 958 149 1015 sibi
171 974 221 1030 per
246 959 403 1018 dilectionis
425 960 566 1017 vinculum
589 960 739 1032 colligari?
760 959 901 1028 Quomodo

96 1056 191 1128 potest
211 1073 259 1115 cor
279 1056 401 1115 hominis
422 1058 499 1114 aliud
520 1058 667 1131 cogitare?

176 1154 216 1211 Ut
237 1155 277 1212 sic
298 1172 365 1228 ergo
386 1172 437 1214 nos
458 1155 609 1224 exaltares,
627 1155 704 1212 Deus
725 1155 831 1224 noster,
853 1170 902 1213 vo·
1002 1175 1004 1178 ·

94 1251 177 1310 luisti
198 1268 306 1324 parvus
331 1254 424 1323 nasci3
456 1253 489 1310 ut
520 1269 571 1311 nos
599 1245 742 1310 bestiales
762 1269 811 1324 per
839 1269 903 1324 pec-

93 1350 190 1407 catum
212 1350 348 1408 caelestes
369 1350 485 1419 faceres,
507 1351 623 1410 voluisti
648 1350 724 1408 inter
745 1349 851 1407 bestias
872 1352 901 1408 in

95 1449 245 1520 praesepio
265 1448 406 1507 collocari.
428 1447 451 1506 0
472 1449 544 1505 mira
565 1449 676 1505 divinae
697 1447 834 1506 bonitatis
848 1447 902 1505 dif-

94 1545 184 1604 fusio!
206 1562 222 1604 o
243 1545 419 1603 detestabilis
441 1547 602 1604 nostrorum
624 1545 780 1604 excaecatio
811 1546 904 1610 oculo·

94 1647 175 1701 ruini
191 1659 207 1701 o
221 1644 336 1717 glacies,
348 1660 405 1702 non
419 1646 481 1701 cor!
498 1643 554 1701 Cur
565 1645 621 1702 non
636 1644 767 1716 liquescis
779 1643 814 1700 ad
828 1642 903 1699 hunc

94 1742 240 1801 calorem?
259 1742 322 1800 Heu
344 1741 428 1799 mihil
449 1743 551 1810 nescio,
574 1758 623 1813 per
638 1758 720 1813 quarn
737 1742 811 1799 viam
827 1740 903 1798 oeus

94 1840 220 1912 amplius
240 1856 293 1898 nos
314 1840 450 1912 requirat,
477 1857 509 1896 ex
530 1856 585 1912 quo
607 1856 656 1910 per
677 1837 751 1896 hanc
775 1855 826 1897 nos
847 1855 902 1895 non

95 1937 191 1995 habet.
214 1937 267 1995 Sed
287 1938 356 2010 quid
386 1937 498 1995 dicam?
519 1936 661 2005 Christus,
683 1937 730 2009 qui
758 1936 802 1993 est
829 1951 903 1994 rece·

96 2035 245 2106 piaculum
258 2036 450 2107 expulsorum,
466 2035 557 2093 voluit
571 2035 668 2107 fugere
685 2035 715 2091 in
730 2033 903 2107 Aegyptum.

96 2132 244 2204 quuid,
265 2132 392 2202 Domine,
414 2135 461 2205 qni
484 2133 587 2204 ubique
617 2149 689 2199 eras,
718 2131 814 2204 fugere
836 2130 904 2188 indi·

96 2231 206 2302 gebas?
225 2230 292 2290 Non
312 2231 396 2299 certe,
418 2232 485 2303 quia
513 2247 609 2288 omnes
637 2231 763 2288 inimicos
789 2229 853 2286 tuos
874 2230 904 2286 in

97 2327 148 2385 tua
170 2327 312 2400 potestate
333 2328 465 2397 tenebas3
481 2328 528 2386 scd
550 2327 602 2386 hoc
624 2327 713 2384 lacero
732 2326 856 2395 voluisti,
871 2327 905 2383 ut

6 2490 7 2509 χ
97 2425 149 2484 hoc
171 2441 224 2497 pro
244 2442 288 2482 rne
303 2426 415 2497 patiens
430 2426 511 2482 tuum
526 2425 595 2482 mihi
614 2423 811 2482 manifestares
830 2441 904 2482 arno·

6 2530 7 2551 ¹
98 2540 166 2592 rem,
188 2524 218 2581 et
238 2522 323 2582 adte
345 2523 469 2597 fugerem
485 2524 659 2596 persecutus.
680 2521 794 2580 ODeus
808 2525 903 2579 meus!

98 2621 167 2680 bene
188 2621 278 2690 video,
299 2621 373 2694 quod
395 2622 473 2682 totus
494 2639 524 2680 es
545 2639 624 2679 meus
645 2621 674 2678 et
701 2637 744 2678 me
767 2621 810 2678 vis
830 2619 906 2678 tota·

99 2718 165 2776 liter
185 2719 338 2790 possidere.

101 2853 260 2863 ———-——-

138 2968 143 2973 .
166 2931 188 2991 1)
206 2931 230 2978 Μ
247 2932 346 2990 affectu.
