2284 3484
230 223 268 280 70
492 239 633 284 simonos
653 241 765 284 ffloms.

307 429 332 488 0
364 431 459 503 passio
488 431 629 500 amabilis,
659 448 730 505 quse
759 431 803 489 sui
829 417 1024 492 meditaiorom

227 529 335 586 alienat
353 528 383 586 oi
402 545 459 588 non
490 531 580 588 solum
601 529 694 588 reddit
718 530 885 602 angelicum,
907 531 956 588 sod
983 531 1025 589 di·

226 628 340 685 vinum!
371 626 445 684 Nam
477 644 528 701 por
551 627 760 687 meditationem
790 643 965 687 oommorans
996 630 1025 687 in

227 723 334 783 christi
354 724 505 784 tormentis
518 726 603 784 otiam
625 743 655 784 so
673 727 766 799 ipsum
786 741 843 784 non
863 726 949 795 videi,
970 728 1025 786 nisi

226 821 326 895 Donni,
347 839 457 896 sompor
476 823 604 882 intuetur
626 823 775 883 Dominum
796 841 878 882 suum
899 841 1024 897 passum,

226 919 291 978 vuli
316 937 409 980 socom
437 937 545 980 oruoom
575 922 710 992 baiulare,
738 921 767 980 ot
794 923 854 995 ipso
883 924 913 980 in
943 923 1025 982 cordo

226 1017 325 1092 porioi
354 1021 464 1078 oaslum
493 1019 655 1094 tortamque
685 1021 793 1094 pugillo
823 1021 965 1079 tenentem
996 1022 1025 1080 oi

226 1133 278 1190 pro
298 1116 361 1190 ipso
379 1117 520 1176 levissimo
544 1118 667 1177 susiinoi
688 1133 769 1177 omno
789 1135 876 1189 onus;
898 1120 962 1177 vuli
982 1137 1025 1178 ss-

226 1231 289 1273 oum
321 1216 411 1289 spinis
437 1218 575 1285 coronari,
597 1217 626 1274 ot
653 1233 702 1289 spo
722 1217 829 1290 glorias
856 1217 1024 1288 coronatum

227 1312 291 1372 vuli
311 1329 403 1372 sooum
424 1314 453 1372 in
474 1315 552 1388 ligno
580 1316 640 1373 sino
660 1315 838 1372 vestimentis
865 1315 1023 1389 frigescere,

225 1411 255 1469 oi
268 1412 354 1470 nimio
373 1413 478 1471 amoris
504 1413 604 1470 ardore
634 1411 810 1483 oooondiiur3
834 1413 898 1471 voli
929 1430 1025 1472 secum

225 1509 337 1568 sosium
357 1510 484 1583 gustaro,
505 1511 535 1568 ot
555 1512 621 1570 vino
641 1511 839 1570 inenarrabilis
869 1511 1026 1570 duloedinis

225 1607 360 1680 potatum
381 1608 445 1667 voli
465 1625 557 1668 secum
580 1609 703 1668 sxisions
723 1611 751 1667 in
766 1625 846 1667 oruoo
860 1609 913 1667 sibi
933 1609 1024 1679 illudi,

225 1705 255 1762 eo
273 1707 334 1778 ipso
354 1706 391 1764 ab
411 1707 522 1780 angelis
541 1706 708 1776 honoratur,
729 1707 844 1765 abooia
864 1705 981 1780 Virffl'no
995 1709 1025 1765 in

224 1801 315 1862 filium
325 1797 487 1876 adoptatur.
500 1804 570 1862 Gom
581 1803 693 1871 chrisio
705 1805 802 1864 volens
813 1804 924 1863 tristari
937 1805 1025 1864 laoto-

159 1885 164 1893 ’
224 1899 289 1971 ion
304 1918 396 1960 sooum
411 1903 510 1961 volens
522 1903 611 1976 affligi
626 1904 742 1961 nimium
757 1919 819 1961 oum
834 1902 947 1962 Christo
961 1919 1023 1962 oon-

226 1998 352 2070 solaiur3
373 2016 435 2058 oum
458 1999 583 2072 potionis
597 2000 660 2058 vuli
673 2000 742 2074 poii,
758 2001 787 2060 oi
799 2001 915 2059 nimium
929 2002 1024 2060 iucun·

224 2097 323 2168 daiur3
338 2113 401 2155 oum
412 2097 525 2156 Christo
536 2097 600 2156 vuli
613 2099 642 2156 in
653 2114 733 2156 oruoo
748 2098 877 2171 pondero,
888 2099 917 2156 oi
929 2099 1022 2171 ipsum

225 2193 357 2254 Christus
366 2195 526 2254 duloissimo
538 2196 732 2271 amplexatum
749 2213 839 2255 sooum
851 2196 915 2254 vuli
925 2195 1023 2254 faciem

224 2293 326 2352 mortis
345 2308 449 2366 pavore
469 2292 612 2369 perfusam
634 2295 778 2363 inclinare,
805 2295 834 2353 oi
858 2297 917 2354 eius
937 2295 1024 2367 caput

225 2390 358 2450 Christus
383 2390 497 2450 elevans
525 2392 691 2450 suavissime
718 2392 920 2452 osoulaiur.0
948 2409 1024 2451 mors

223 2489 364 2558 amabilis,
385 2505 401 2548 o
432 2506 507 2548 mors
526 2490 715 2549 delectabilis!
736 2489 775 2548 01
796 2507 846 2550 our
866 2491 926 2550 looo
945 2491 1024 2550 illius

224 2588 315 2646 oruois
335 2602 391 2646 non
412 2586 462 2657 foi,
475 2588 509 2645 ui
523 2586 636 2647 chrisio
650 2589 766 2648 fuissem
786 2589 916 2648 monibus
936 2589 965 2647 oi
979 2605 1025 2662 po

171 2735 174 2740 .
223 2683 307 2743 dibus
326 2686 523 2745 conclavatus!
545 2687 627 2746 Corio
648 2687 751 2760 Ioseph
781 2687 818 2746 ab
838 2687 1024 2746 Arimathssa

223 2782 370 2841 dixissomz
392 2783 457 2843 Non
477 2784 589 2842 auferas
610 2787 702 2858 ipsum
723 2803 740 2843 a
761 2801 813 2854 mo,
843 2785 891 2843 sod
919 2801 962 2843 mo
983 2802 1024 2844 se·

223 2897 287 2941 oum
307 2882 427 2955 sepelias
446 2883 476 2939 in
496 2883 639 2956 sopulor03
653 2899 710 2942 non
724 2884 798 2941 onim
819 2882 936 2957 abipso
957 2885 1023 2945 volo
