2284 3484
406 289 496 332 corun
517 291 556 331 ur.
843 271 880 331 51

79 497 206 550 errares3
236 480 337 548 noluit,
367 481 395 537 to
427 479 543 538 subtilia
572 482 602 538 et
628 483 738 539 curiosa
766 480 884 540 inuesti-

78 595 156 650 gare,
178 579 212 635 ut
227 578 436 651 simplicitatem
451 579 585 648 haboros;
605 596 641 636 nc
660 579 753 637 malus
773 578 883 651 disperi-

79 677 158 735 sator
178 693 265 745 esses,
285 677 384 746 voluit,
412 678 441 735 te
467 679 582 736 insimul
613 680 707 736 omnia
733 678 882 750 abnegare,

80 775 112 831 ut
140 791 249 847 pauper
273 792 358 833 asses.
385 775 451 834 Non
475 793 542 848 ergo
563 776 596 833 de
623 777 688 834 istis
715 776 743 833 te
766 775 882 844 exaltes,

81 873 129 929 sed
143 872 291 942 humilies3
307 890 361 931 uon
374 873 445 932 alios
459 874 571 942 indices,
584 875 631 932 sed
642 874 759 932 exaltes.
773 873 833 932 Neo
846 874 883 931 ab

80 970 144 1028 istis
159 971 292 1029 excludas
307 988 443 1044 eosquos
457 972 561 1030 videris
576 973 696 1041 otiosos;
711 971 795 1030 debes
808 973 882 1030 ento

80 1068 216 1141 cogitare,
237 1069 310 1141 quod
332 1069 468 1141 tanquam
497 1070 639 1142 sapientes
661 1070 690 1127 et
717 1069 797 1143 probi
826 1069 884 1127 the-

80 1183 197 1224 saurum
218 1168 396 1240 acquisitum,
425 1185 459 1225 ne
488 1167 608 1236 iuretur,
636 1167 820 1236 abscondunt,
845 1169 884 1224 la·

81 1264 216 1322 borantes
237 1267 266 1322 in
280 1267 389 1324 occulto
403 1267 432 1323 et
452 1267 480 1324 in
497 1266 608 1338 publico
622 1266 804 1339 quiescentes.
824 1266 884 1324 Aut

79 1363 155 1421 certo
170 1363 273 1436 cogita,
285 1365 358 1437 qnod
373 1365 430 1432 ille,
444 1367 490 1436 qui
505 1364 582 1422 dedit
595 1366 687 1423 centis
697 1366 817 1436 pondus
828 1363 884 1438 (1),

80 1461 233 1533 permittit,
255 1478 301 1520 eos
322 1463 351 1520 in
372 1463 437 1520 istis
458 1463 581 1520 minimis
603 1461 632 1520 et
661 1462 821 1520 manifestis
841 1463 885 1520 de·

80 1558 172 1628 ficere,
194 1576 229 1616 ne
250 1559 283 1617 de
305 1561 443 1629 maximis,
464 1561 608 1632 quaesibi
630 1561 768 1619 concessit
792 1561 884 1618 Domi·

79 1673 143 1725 nuo,
164 1657 195 1714 in
217 1657 378 1730 superbiam
400 1658 554 1716 eleventur.
570 1659 619 1727 Et,
635 1660 764 1732 quamuis
786 1659 825 1716 sic
842 1658 885 1716 fa-

80 1771 142 1812 cere
163 1754 265 1812 debeas
286 1755 319 1812 de
340 1756 469 1814 omnibus
491 1756 671 1827 supradictis.
693 1756 797 1825 umen,
818 1758 884 1828 quia

80 1852 169 1920 vidos,
191 1869 238 1910 eos
252 1854 281 1912 in
304 1854 426 1924 periculo
441 1871 510 1922 esse,
531 1854 615 1912 debes
629 1854 670 1922 tu,
686 1855 774 1926 quiin
790 1854 884 1926 quiete
918 1927 924 1937 1

78 1949 188 2018 existis
210 1967 262 2022 pro
283 1951 323 2008 eis
344 1967 423 2010 oraro
444 1953 482 2019 et,
504 1953 527 2008 si
550 1953 639 2024 potos,
654 1968 701 2010 eos
721 1952 833 2009 allicere
848 1952 884 2008 ad

79 2048 212 2121 quietem.

161 2147 255 2204 Debes
286 2148 406 2206 secundo
433 2149 526 2206 omnia
546 2149 582 2206 ad
613 2148 723 2206 laudem
752 2147 883 2205 reducere

80 2244 233 2313 creatoris
256 2245 329 2318 qood
350 2245 440 2304 facero
473 2247 579 2318 potoris
600 2263 650 2318 per
669 2246 745 2304 hunc
772 2245 884 2304 modum

80 2347 109 2401 et
129 2343 218 2402 etiam
240 2343 348 2412 melior,
370 2347 393 2402 si
422 2344 473 2403 tibi
502 2345 639 2402 Dominus
660 2344 824 2418 dignabitur
844 2345 884 2402 in·

78 2441 182 2500 dicare.
211 2441 281 2498 Corn
304 2443 376 2498 enim
399 2442 502 2500 uideris
523 2444 632 2514 aliquos
653 2444 681 2499 in
711 2442 884 2515 praelatione

79 2539 232 2612 temporali
265 2540 323 2596 sivo
351 2541 494 2611 spirituali
524 2541 663 2614 dignitate
693 2541 789 2612 aliqua
819 2556 885 2599 con-

79 2638 208 2704 stitutus,
230 2637 282 2695 hoo
303 2655 363 2695 esse
384 2639 488 2696 factum
511 2639 546 2696 ad
573 2638 820 2696 commendandam
842 2638 885 2694 di·

78 2737 175 2794 vinam
211 2735 449 2808 magnificentiam
482 2737 510 2794 et
545 2737 702 2808 potentiam
736 2735 883 2810 cogitabis,

79 2871 242 2881 ——m

142 2953 166 3011 ι)
185 2951 228 2998 roo
244 2949 285 3008 as,
303 2949 342 2995 aa.
