2284 3484
427 277 516 320 curun
538 278 583 319 rx..
863 260 900 319 41

100 468 255 526 saltatione
286 469 373 525 nimia
400 468 440 544 ad
466 468 577 526 modurn
599 467 668 526 ebrii
689 468 904 541 praecipitantis
944 515 947 518 .

99 566 233 639 graditur
247 566 367 638 quietem
382 583 438 624 non
453 565 599 624 sustinens
616 567 818 659 etccreaturas,
833 583 904 639 quas

100 665 219 734 inuenit,
236 666 279 724 sui
294 664 454 724 Conditoris
474 667 579 724 amoris
592 665 787 739 magnitudine
800 665 904 737 ample·

100 763 196 820 ratur.
211 762 250 820 Et
270 763 340 820 bene
362 763 442 836 potes
456 764 576 832 credere,
591 764 664 836 quod
679 764 748 822 tunc
761 780 809 822 cor
822 780 904 820 suurn

101 877 158 918 non
179 859 301 918 multum
316 878 345 918 se
359 862 486 934 applicat
500 862 535 919 ad
548 862 671 930 terrena,
686 862 745 935 sed,
760 863 783 919 si
798 861 904 933 aliquid

100 959 245 1016 terrenum
268 961 428 1028 occurrerit,
449 961 542 1018 omnia
563 961 681 1032 reputat
700 976 762 1018 esse
781 975 865 1017 uana.

182 1057 249 1114 Alia
266 1057 388 1115 ebrietas
400 1057 452 1126 cst,
467 1075 538 1130 quae
552 1059 640 1116 nimia
653 1058 798 1116 dulcedine
812 1057 904 1129 replet

101 1172 164 1224 cor3
187 1157 216 1213 et
237 1173 269 1214 ex
290 1156 384 1215 divino
411 1157 552 1216 consortio
580 1157 632 1214 boc
659 1156 737 1214 venit
765 1173 815 1228 per
840 1172 906 1213 con-

101 1253 297 1326 templationis
317 1255 447 1326 quietem,
470 1254 499 1311 et
518 1256 547 1311 in
568 1254 682 1312 tanturn
696 1254 823 1312 abundat
836 1252 906 1311 haee

103 1352 221 1411 dulcedo
242 1355 270 1410 in
292 1352 381 1421 corde,
404 1353 437 1410 ut
457 1352 595 1410 redundet
615 1355 643 1409 in
665 1353 758 1411 omnia
780 1352 904 1409 membra

101 1451 223 1518 abunde,
251 1451 319 1508 adeo
347 1451 380 1507 ut
407 1448 485 1508 totus
512 1451 565 1508 sibi
586 1452 645 1508 tarn
674 1452 792 1508 interius
820 1467 904 1523 quarn

101 1550 226 1606 exterius
241 1548 393 1606 mellifluus
408 1550 547 1610 videatur.
559 1549 608 1616 Et,
623 1550 696 1607 sicut
710 1551 802 1622 prima
816 1549 905 1607 ebrie-

102 1647 148 1704 tas
170 1663 239 1718 prae
270 1645 416 1704 hilaritate
443 1648 563 1720 quietem
592 1664 646 1705 non
676 1646 845 1712 sustinebat,
867 1649 906 1704 sic

101 1745 158 1802 ista
181 1760 249 1816 prae
271 1745 357 1802 nimia
371 1746 514 1803 dulcedine
529 1747 670 1818 quiescere
683 1745 761 1803 facit.
775 1745 814 1802 Et
827 1745 905 1818 haec,

101 1844 158 1900 nisi
179 1844 208 1900 in
224 1844 338 1900 tantum
352 1843 526 1911 intendatur,
541 1845 575 1900 ut
592 1845 620 1901 in
643 1860 770 1917 soporem
791 1845 906 1917 degene-

102 1942 156 2010 ret,
178 1957 235 1998 non
256 1940 365 1999 auferet
385 1941 514 2001 totaliter
536 1959 668 2000 sensuum
690 1943 905 2014 particularium

102 2039 195 2106 actus,
227 2039 276 2096 sed
306 2039 343 2096 ad
377 2040 487 2098 moduni
524 2041 593 2097 ebrii
623 2057 683 2098 esse
714 2041 819 2098 liberos
850 2058 905 2098 non

105 2137 258 2210 permittit.
280 2137 357 2195 Tunc
378 2139 458 2210 quasi
479 2139 613 2210 quidquid
634 2140 738 2197 videris
758 2140 904 2212 reputabis

102 2236 226 2308 quadam
247 2235 343 2292 divina
363 2235 506 2294 dulcedine
527 2237 681 2294 abundare.
709 2237 748 2296 Et
775 2229 905 2310 quamvis

104 2335 198 2405 prima
220 2332 259 2389 sit
280 2334 308 2390 in
329 2334 486 2392 intensione
517 2335 643 2392 laetitiae
671 2335 700 2391 et
726 2335 794 2393 baec
814 2337 843 2392 in
863 2337 907 2392 in-

102 2431 232 2489 tensione
254 2430 417 2496 dulcedinis,
438 2431 533 2489 tamen
555 2449 610 2491 non
632 2434 744 2506 oportet
767 2434 906 2499 dubitare,

102 2529 177 2602 quod
198 2530 228 2586 et
248 2529 299 2586 illa
320 2529 408 2587 sentit
429 2529 569 2589 dulcorem
591 2530 620 2588 et
640 2532 696 2588 ista
716 2532 826 2590 laetitia
850 2548 907 2590 non

102 2627 244 2700 privetur.
264 2625 303 2684 Et
323 2629 453 2700 quamuis
474 2645 530 2687 non
559 2631 598 2687 sit
617 2647 730 2688 necesse
754 2632 853 2688 timere
873 2631 907 2688 de

102 2723 261 2800 primam,
283 2726 331 2784 sed
346 2728 440 2798 potius
454 2727 492 2784 sit
506 2728 696 2800 gaudendum,
709 2729 803 2786 tamen
819 2729 853 2787 de
868 2747 907 2788 se·

104 2836 268 2844 ...η’-

168 2877 191 2935 1)
211 2877 234 2922 Μ
250 2876 332 2922 addit:
350 2877 405 2922 scil.
424 2877 551 2932 ebrietate,
566 2893 629 2936 quoe
645 2880 672 2922 in
688 2879 821 2938 apiritrmli
838 2880 906 2924 laeti·

103 2960 140 3005 tia
157 2959 282 3004 consistit.
