2284 3484
477 189 552 248 10
597 177 600 180 ⁴
1003 210 1285 252 s'rmunus
1325 209 1551 251 Amoms,

474 397 638 471 gitet‚
681 399 828 471 quod
870 399 1169 470 pretiosior
1196 400 1284 458 est
1311 401 1518 472 anima,
1549 416 1691 473 quae
1721 400 1800 456 sic
1826 399 2077 457 letaliter

476 497 831 565 vulneratur,
874 516 1042 571 quam
1106 500 1294 556 omnia
1354 514 1590 570 corpora
1651 499 1901 555 universi
1958 497 2075 554 tam

475 595 761 653 hominum
813 612 978 668 quam
1037 597 1339 655 caelorum.
1380 596 1457 653 Et
1495 596 1650 662 ideo‚.
1679 595 1826 653 sicut
1871 611 2079 667 corpus

479 711 658 752 meum
701 712 736 752 a
777 695 976 763 morte,
1015 696 1112 762 sic,
1142 695 1312 753 immo
1354 695 1534 753 multo
1577 695 1776 767 magis,
1818 694 2078 752 deberem

479 793 792 864 proximum
837 811 1019 851 meum
1064 811 1189 851 oum
1247 795 1395 851 omni
1452 793 1751 866 vigilantia
1798 793 2080 851 custodire

478 892 536 948 et
575 908 610 948 a
652 891 879 962 peccato
932 892 1222 949 retrahere
1278 892 1548 960 oratione,
1593 891 1981 950 exhortatione
2024 891 2083 949 et

481 989 752 1061 exemplo.

489 1166 660 1243 Quod
697 1166 907 1237 affectu
933 1171 1199 1226 materno
1222 1170 1482 1241 qaudeat
1509 1170 1577 1227 de
1606 1169 1770 1226 bonis
1798 1167 2080 1240 aliorum,

1025 1268 1177 1324 sicut
1216 1267 1284 1324 de
1324 1268 1530 1338 ipsius.

640 1435 906 1508 Septimo,
971 1436 1038 1494 ut
1101 1436 1307 1494 bonum
1373 1438 1609 1510 proximi
1671 1437 1873 1510 diligat
1936 1437 2086 1494 sicut

488 1552 669 1603 suum,
711 1534 770 1592 et
810 1536 956 1593 sicut
1012 1535 1196 1593 mater
1248 1537 1304 1592 in
1363 1536 1523 1594 bonis
1572 1535 1674 1594 filii
1724 1535 2085 1602 iucundatur‚

482 1634 562 1691 sic
618 1633 674 1689 in
732 1632 894 1692 bonis
949 1632 1176 1691 deberet
1236 1635 1481 1691 omnium
1540 1634 1847 1691 viventium
1892 1633 2086 1690 iucun-

481 1731 624 1800 dari,
661 1729 721 1788 et
760 1733 996 1789 maxime
1039 1732 1105 1789 de
1149 1731 1255 1800 his,
1298 1748 1439 1804 quae
1483 1732 1805 1804 spiritualia
1848 1731 1986 1788 sunt
2027 1731 2089 1789 et

482 1831 553 1887 ad
597 1830 920 1903 spiritualia
969 1830 1290 1899 inductiva3
1333 1831 1390 1887 et
1431 1831 1528 1899 sic,
1570 1831 1685 1888 acsi
1729 1847 1831 1887 sua
1872 1830 2085 1898 essent,

480 1929 707 1987 deberet
732 1930 972 1988 aliorum
1003 1930 1151 1987 bona
1189 1946 1492 2001 procurare
1532 1929 1590 1986 et
1633 1929 1935 2001 procurata
1978 1929 2088 1986 sol-

481 2028 634 2086 licite
677 2045 1021 2101 promovere,
1064 2029 1122 2086 et
1166 2045 1384 2100 semper
1415 2028 1580 2100 plura
1609 2028 1667 2085 et
1695 2029 1909 2086 maiora
1939 2027 2091 2085 bona

482 2125 646 2183 debet
687 2125 752 2183 de
796 2127 1046 2198 proximo
1087 2127 1328 2194 credere,
1371 2144 1539 2198 quam
1596 2127 1786 2184 valeat
1840 2126 2087 2195 intueri;

483 2223 647 2280 debet
688 2223 1054 2282 nihilominus
1095 2224 1161 2281 de
1204 2224 1365 2283 bonis
1395 2224 1803 2297 temporalibus
1846 2225 2090 2296 proximi

483 2338 595 2380 non
639 2322 910 2380 modicum
957 2323 1059 2381 sibi
1102 2323 1470 2395 congaudere.

612 2501 782 2576 Quod
819 2501 974 2559 nihil
1015 2501 1229 2574 diliqat
1268 2503 1386 2560 nisi
1426 2503 1619 2561 Deum
1660 2505 1769 2560 aut
1799 2519 1955 2575 pure

1027 2601 1276 2673 propter
1318 2601 1530 2658 Deum.

646 2757 875 2827 Octavo,
932 2759 999 2817 ut
1049 2760 1191 2817 nihil
1250 2760 1476 2832 praeter
1518 2760 1697 2818 Deum
1740 2761 1946 2834 diligat
1987 2763 2093 2820 aut

487 2874 630 2929 pure
693 2856 929 2930 propter
970 2856 1171 2924 Deum,
1212 2857 1279 2914 ut
1318 2859 1375 2915 in
1418 2859 1677 2919 omnibus
1739 2859 1894 2918 solus
1936 2860 2092 2919 Deus
