2284 3484
243 281 386 329 cunmauu
406 280 543 327 Panaenus
564 278 618 323 eao
637 279 766 325 omecuo.
850 261 906 323 151

111 474 150 534 10
162 475 207 552 (1)
219 476 331 535 edentes
341 478 369 534 et
379 476 504 534 bibentes
516 492 590 547 qnae
601 474 681 547 epod
690 474 759 533 illos
769 474 910 549 samm),-

110 575 276 646 permissive
296 573 408 646 dicitur,
430 574 495 646 quia
516 572 554 632 ibi
576 572 704 645 potestas
731 571 825 641 datur,
839 649 841 652 Ι
853 588 909 631 ηοη

111 670 266 729 necessitas
285 670 597 744 imponiturapostolis
619 669 730 728 vivendi
753 671 786 728 de
806 671 911 742 impen-

109 768 165 827 diis
185 769 295 827 alienis.
316 769 448 842 Alioquin
470 768 569 827 contra
591 768 643 827 bec
662 766 774 827 fecisset
794 767 911 838 Paulus,

111 868 160 939 qui
180 866 331 940 aliquando
354 866 503 924 sublimius
523 866 673 925 ambulans
696 868 725 923 in
746 865 799 924 sibi
820 881 912 924 necea·

111 964 312 1022 sariislabora
333 981 466 1022 munuum
482 981 511 1021 so
526 964 677 1037 transegit,
691 965 721 1022 et
735 965 857 1037 primum
871 964 913 1021 ta·

110 1080 175 1121 men
187 1064 247 1135 ipsc
258 1062 393 1121 servavit.
401 1062 480 1120 Unde
490 1062 558 1121 dicit
568 1062 840 1136 chrysostomusDe
851 1062 913 1121 tou·

111 1160 198 1219 dibus
213 1161 308 1219 Pauli
323 1160 384 1235 (3):
404 1182 418 1213 c
433 1159 540 1218 Paulus
555 1162 688 1232 pecunias
702 1177 757 1219 nou
772 1160 912 1233 possedit;

111 1276 179 1316 nam
193 1259 222 1316 et
236 1260 297 1331 ipsa
311 1258 379 1317 dicit
390 1259 451 1333 (4):
473 1259 570 1331 Usque
584 1260 617 1316 io
630 1258 708 1316 banc
727 1258 832 1317 boram
849 1275 914 1317 esa·

111 1357 206 1415 rimus
226 1360 253 1414 et
266 1358 382 1425 sitimus
395 1380 423 1413 a.
446 1356 528 1415 Hanc
541 1356 749 1415 distinctionem
770 1357 913 1430 praecepti

111 1454 142 1513 ct
162 1456 355 1527 permissionis
382 1455 512 1529 colligere
541 1454 622 1527 potes
642 1472 674 1513 ox
702 1455 796 1514 verbis
824 1455 913 1529 Chry-

113 1552 228 1611 sostomi
243 1553 363 1611 dicentis
384 1570 468 1626 super
490 1552 561 1610 illud
580 1552 734 1611 Matthaei:
751 1553 796 1628 (5)
813 1553 914 1613 Nolite

107 1650 259 1722 possidere
279 1653 348 1709 etc:
375 1674 390 1702 α
405 1650 550 1719 Omnibus,
572 1652 674 1724 inquit,
695 1668 742 1711 eos
768 1651 914 1710 denudans

112 1750 207 1807 omnia
222 1749 298 1807 dedit
313 1751 362 1818 eia,
378 1749 554 1822 permittens,
569 1767 616 1808 eos
630 1752 658 1807 in
673 1750 801 1827 domibus
817 1766 913 1809 corum

114 1863 229 1905 manere
249 1848 278 1905 et
299 1847 370 1906 nibil
390 1847 527 1905 habentes
548 1849 709 1907 introire».
730 1848 807 1907 Haec
827 1848 913 1921 Chry·
1019 1858 1021 1861 ’

113 1944 256 2003 sostomus
271 1945 325 2020 (6).

194 2042 247 2102 Sed
268 2060 292 2112 o,
315 2045 439 2117 inquam,
461 2046 566 2111 Senior,
588 2062 651 2102 cum
671 2045 794 2118 episcopi
824 2060 915 2102 succe-

114 2141 187 2198 dant
211 2142 358 2214 apostolis‚
381 2144 517 2214 quomodo
537 2133 616 2201 licet
631 2145 672 2200 eis
698 2143 801 2200 habere
829 2159 913 2214 pecu-

112 2239 190 2297 niam
205 2256 360 2313 aurumque
374 2240 403 2297 et
416 2242 576 2313 argentum,
598 2242 621 2297 ai
637 2240 688 2299 hoc
701 2241 838 2319 apostolis
857 2256 913 2299 non

114 2384 274 2393 ---.-.--

180 2460 202 2519 1)
220 2460 248 2508 V.
266 2462 290 2507 7.

176 2538 201 2599 2)
219 2541 237 2587 L
253 2540 336 2588 addit:
362 2541 453 2601 dipnue
472 2546 509 2589 eei
529 2543 595 2588 enim
614 2543 785 2590 mercenarius
805 2544 914 2589 mercede

112 2634 170 2677 sua,
187 2620 240 2667 boe.

178 2698 202 2760 8)
220 2699 307 2748 Homil.
325 2702 349 2748 4.

177 2779 202 2839 4)
220 2780 230 2827 1
246 2782 276 2827 ad
293 2781 345 2828 Gor.
363 2781 388 2838 4,
407 2782 444 2829 ll.
745 2784 770 2842 5)
788 2782 814 2831 0.
834 2783 872 2842 10,
888 2784 913 2831 9.

177 2861 202 2920 6)
220 2862 264 2908 Pro
280 2862 472 2921 praecedentibus
483 2863 527 2910 cir.
540 2864 639 2921 Bonan,
652 2864 745 2923 Expoe.
757 2857 815 2923 sup.
831 2865 913 2923 repul.

112 2943 145 2991 F.
162 2942 210 3000 M„
226 2955 247 2988 c.
265 2942 321 3001 4⁵11.
339 2941 354 2988 4
370 2943 395 2989 et
412 2944 486 3003 Apol.
502 2958 594 3003 paup„
611 2957 632 2991 c.
650 2945 705 2991 711.
724 2943 763 2991 12.
