2284 3484
514 1019 633 1118 deret
660 1021 736 1121 {a

253 1231 329 1306 Quod
350 1231 581 1312 contemplativus
601 1250 656 1291 non
676 1229 781 1291 iudioet
800 1231 869 1291 alies
889 1239 1001 1310 prepter

463 1337 627 1408 apparentes
648 1328 783 1390 defeatur.

304 1537 440 1595 Diabolus
470 1537 499 1594 in
527 1537 638 1595 malitia
665 1537 832 1609 antiquatas
859 1538 935 1595 vires
963 1553 1026 1595 eon·

224 1635 406 1706 templatives
416 1653 532 1693 cernens
543 1637 571 1693 in
584 1635 752 1693 caelestibus
766 1636 936 1704 conversari,
952 1637 1026 1693 unde

224 1750 273 1806 per
295 1734 454 1805 snperbiam
483 1736 526 1791 est
554 1734 667 1800 eiectus,
690 1733 792 1791 nititur
813 1750 923 1806 queque
944 1735 1026 1793 mede

223 1849 269 1890 ees
290 1849 382 1889 secum
397 1830 545 1889 detrahere
559 1832 593 1888 ad
610 1831 729 1889 inferna.
743 1831 790 1899 Et,
804 1833 870 1904 quia
885 1830 962 1889 videt
976 1849 1025 1890 ees

222 1945 278 1988 non
299 1945 380 2001 pesse
402 1930 512 1986 vincere
534 1931 562 1986 in
584 1930 692 2002 aperto,
713 1930 832 1988 cenatur
854 1929 955 1987 saitem
976 1946 1025 1988 ees

222 2027 346 2099 decipere
368 2029 397 2084 in
419 2027 543 2097 oeenit03
564 2028 603 2096 et,
618 2029 747 2100 quamvis
761 2028 873 2086 diversa
893 2028 968 2085 maia
982 2028 1026 2085 di·

223 2127 312 2184 versis
335 2126 509 2197 temporibus
524 2127 669 2199 suggerat,
685 2126 777 2183 tamen
793 2127 829 2184 ad
850 2126 902 2184 hee
920 2125 1025 2183 nititur

223 2241 278 2283 non
299 2224 446 2292 medicum,
468 2229 501 2280 ut
514 2225 751 2296 contemplativus
767 2224 800 2281 de
816 2242 844 2282 se
860 2224 1025 2297 praesumat

222 2322 251 2380 et
271 2323 342 2380 alies
356 2339 417 2379 esse
428 2321 530 2379 iudicet
544 2322 669 2390 vitiosae,
684 2322 854 2394 apostolieae
873 2321 1025 2380 inhaerens

222 2420 378 2478 sententiae
390 2416 450 2493 (1);
473 2418 579 2478 Omnia
599 2419 743 2478 diiudicet
761 2420 937 2492 spiritualis.
961 2421 1023 2489 Sed,

222 2535 237 2576 0
259 2520 380 2590 pessima
401 2517 489 2589 pestis
510 2517 596 2590 atque
627 2535 702 2577 mors
732 2520 902 2592 gravissima
923 2519 952 2576 et
977 2536 1024 2577 ee-

221 2616 314 2674 enita!
336 2617 413 2673 Haec
434 2615 521 2672 Deum
544 2616 628 2690 fugat
648 2619 885 2689 praesumtionem
913 2619 1024 2690 nequis·

222 2715 321 2771 simam
342 2713 550 2783 abhorrentem,
572 2715 641 2773 haec
660 2715 815 2775 fraternam
844 2716 953 2773 lacerat
980 2733 1024 2774 ca·

225 2851 382 2860 ..κ-...μ-

288 2921 310 2987 1)
328 2929 338 2974 1
355 2926 409 2974 cor.
426 2927 450 2986 2,
470 2928 507 2975 15.
