2284 3484
236 256 294 313 180
375 272 517 315 cnnmoun
539 272 677 316 eruemus
698 272 751 315 eae
771 272 900 315 unroco.

235 497 274 505 -—
288 464 340 522 Sed
361 464 485 532 adverto,
506 463 579 537 quod
600 464 724 521 Domini
744 466 785 521 est
806 466 887 521 terra
904 462 1039 535 6161661-

236 564 304 620 roeo
318 564 379 619 circs
395 561 452 635 (1),
477 562 549 620 bona
570 562 664 619 autem
683 562 814 619 eeclesiae
828 560 960 620 dicuntur
974 563 1038 618 eins

235 661 408 731 specialiter:
431 660 459 717 et
474 661 538 733 quia
553 660 621 717 sunt
635 659 827 718 ministrorum
847 676 960 718 suorum
975 661 1037 716 usi·
1134 683 1135 732 ,

235 758 287 815 bus
308 759 488 816 immobiliter
509 758 681 825 consecrata,
702 757 731 815 et
751 759 817 830 quia
836 779 851 808 e
865 760 905 829 ,in
925 758 1035 815 nullius
1057 749 1061 756 ’

235 856 314 915 bonis
336 858 411 914 sunt‘
434 857 629 929 proprietario,
651 858 717 929 quia
742 856 849 913 nullius
878 844 951 913 sunt¹
970 872 1037 927 pro·

235 958 295 1028 prio
326 972 469 1027 personae,
493 955 540 1015 sad
561 957 590 1012 in
611 956 750 1013 communi
778 956 818 1011 eis
845 954 961 1011 eeclesia
989 954 1036 1011 do-

235 1053 358 1111 minatur
374 1054 418 1128 (2)
434 1078 461 1109 s.
483 1044 557 1126 Lego
583 1054 657 1127 quod
688 1053 821 1124 scribitur
840 1052 899 1109 XII
919 1069 947 1124 q.
969 1051 984 1108 1
1010 1070 1034 1109 6.

241 1151 373 1208 Vidcnloe
387 1151 442 1224 (3),
463 1152 571 1209 textum
592 1151 621 1209 et
640 1152 775 1224 glossam.

315 1250 395 1307 Dices
423 1250 509 1308 forte:
539 1252 567 1307 in
593 1250 645 1307 hoc
670 1250 800 1307 ecclosias
821 1264 953 1307 romanae
973 1248 1035 1306 fra-

234 1348 364 1419 trumqne
394 1349 518 1419 ipserum
550 1350 714 1407 commercio
738 1348 876 1421 derogari,
908 1348 973 1404 dum
1000 1349 1035 1404 ti·

233 1446 323 1503 tulum
353 1446 476 1514 dominii,
505 1463 586 1518 quern
616 1463 667 1518 pro
686 1446 854 1519 perfectione
876 1446 1033 1518 refugiunt,

232 1544 260 1600 in
284 1560 428 1601 romanam
462 1545 604 1601 ecelesiam
634 1543 814 1601 refundentes
845 1542 1034 1615 imperiectio-

233 1643 277 1698 nis
291 1643 315 1698 ei
329 1643 467 1699 maculam
488 1643 651 1715 impingunt
666 1643 825 1710 indiscrete,
839 1642 913 1714 quod
926 1642 971 1699 est
993 1644 1034 1699 te·

233 1740 382 1797 moratium
405 1741 433 1796 et
454 1740 614 1812 profanum.
635 1773 675 1781 -
700 1740 753 1799 Sed
772 1740 846 1810 huic,
871 1741 895 1797 si
920 1741 1031 1809 cacalia,

231 1838 396 1904 calumniae,
425 1839 469 1894 est
496 1839 525 1895 in
557 1839 747 1909 superioribus
763 1838 807 1911 (4)
840 1836 1031 1906 satisfactum,
1134 1907 1135 1914 ἵ

231 1936 363 2007 quoniam
385 1936 525 2007 possidere
546 1937 660 1993 tantum
694 1953 744 2008 pro
773 1936 838 1993 aliis
867 1936 1034 2008 perfectioni
1081 1993 1087 2005 ,

231 2050 287 2090 non
309 2035 459 2105 repugnat,
481 2052 542 2091 cum
574 2036 612 2091 sit
642 2035 678 2092 ab
710 2035 759 2093 ille
779 2034 869 2107 medo,
897 2051 952 2107 quo
973 2034 1032 2093 Do-

231 2132 324 2187 minus
350 2130 450 2189 habuit
480 2132 594 2200 1666166,
625 2150 689 2189 cum
716 2132 790 2191 facto
820 2132 850 2189 et
881 2132 948 2190 faeti
976 2134 1033 2190 cir-

229 2228 401 2286 cumstantia
422 2230 621 2302 exemplatum.
643 2231 761 2287 Fratres
787 2228 883 2287 autem
912 2246 1033 2302 pauper·

231 2375 389 2383 ——-...

295 2452 316 2511 1)
335 2453 373 2498 Ps.
391 2453 430 2509 23,
451 2452 472 2497 1.
900 2499 904 2504 ,
998 2510 1001 2515 ⁸

292 2533 315 2590 2)
334 2532 382 2578 cfr.
401 2532 500 2589 Bonan,
513 2532 607 2591 Expoo.
620 2547 676 2591 sup.
689 2532 770 2590 repul.
783 2532 813 2576 F.
826 2532 872 2587 M„
889 2546 911 2577 6.
929 2532 944 2577 6
961 2545 986 2577 n.
1006 2533 1030 2577 8.

291 2612 314 2669 3)
333 2611 427 2657 Scilicet
444 2626 464 2656 6.
485 2613 513 2657 16
535 2612 559 2659 C.
579 2612 623 2658 Xll
645 2626 668 2669 q.
689 2613 710 2669 1,
734 2612 774 2658 ubi
795 2610 939 2670 explicatur,
956 2626 1032 2669 qnare

228 2691 326 2738 ecelesia
337 2692 423 2737 habeat
441 2692 607 2749 possessiones,
624 2694 684 2749 quod
701 2707 738 2739 res
755 2691 867 2739 ecelesiae
880 2692 968 2738 debent
979 2706 1032 2739 6666

228 2771 252 2816 in
269 2773 388 2829 potestate
407 2771 638 2831 episcoporumque
658 2772 750 2818 nomine
771 2773 913 2818 censeantur
934 2786 974 2818 res
994 2785 1031 2820 66-

229 2850 323 2908 elesiae,
341 2865 428 2898 necnon
446 2866 533 2910 poenae
551 2852 575 2897 in
592 2855 733 2910 usurpantes
750 2854 866 2899 statutae.

237 2965 240 2971 .
291 2931 315 2989 4)
334 2931 391 2977 Vide
407 2946 462 2990 pag.
483 2933 527 2979 146
544 2946 595 2990 sqq.
786 2992 789 2996 ἢ
961 2958 972 2988 a
