2284 3484
14 3240 195 3452 n

408 273 498 316 carun
521 273 602 318 xviri.
851 257 906 317 111

106 465 211 521 iniuria
231 463 275 521 bis
296 466 390 536 passio
411 464 560 524 inferatur.
580 466 641 535 Sed,
656 466 730 538 quod
745 466 834 524 credis
849 482 909 524 esse

106 562 249 629 iniuriam,
264 563 294 620 in
308 562 442 620 honorem
456 564 603 621 convertet
617 564 654 632 et,
669 563 741 636 quod
756 564 846 622 credis
860 564 909 622 tri-

107 659 282 717 bulationem
295 677 365 729 esse,
380 661 600 719 consolationem
615 661 721 719 videbis
736 661 774 730 et,
789 661 836 719 ubi
854 678 910 719 cre·

107 756 150 814 dis
160 773 222 815 esse
233 757 376 826 damnum,
388 759 512 817 fructum
523 761 646 832 reperies
657 761 787 817 multum.
797 759 910 829 Quanto

107 855 211 912 iniuria
232 857 330 924 maior,
352 857 434 914 tanto
448 857 640 916 honorabilior
655 859 726 927 eris3
741 858 848 930 quanto
861 857 910 915 tri·

109 952 217 1011 bulatio
228 954 257 1010 et
268 954 383 1012 afflictio
394 956 541 1023 intensior,
553 955 635 1013 tanto
650 957 741 1028 magis
752 955 910 1013 consolabe-

108 1051 200 1120 ticet,
216 1052 240 1108 si
259 1054 353 1109 omnia
368 1068 419 1123 pro
433 1053 495 1124 ipso
509 1054 639 1110 amiseris
650 1052 705 1127 (1),
717 1053 792 1110 certe
806 1053 909 1124 ipsum,

108 1151 155 1221 qui
170 1149 215 1206 est
229 1151 332 1217 omnia,
355 1150 518 1222 possidebis,
534 1151 562 1207 Si
584 1152 679 1208 autem
692 1150 813 1209 bonores
827 1167 911 1223 appe·

109 1247 197 1315 tiaris,
219 1246 401 1319 deprimeris3
425 1249 685 1318 circumlationes,
711 1248 910 1316 tribulaberis3

109 1346 131 1400 si
146 1345 325 1417 temporalia,
341 1363 449 1418 pauper
467 1347 532 1404 eris.
548 1347 600 1416 oui
623 1347 736 1419 praeter
751 1347 841 1404 Deum
862 1346 911 1403 ali·

108 1441 175 1514 quid
194 1442 357 1514 appetierit,
376 1460 405 1501 se
420 1444 538 1517 affliget,
552 1445 637 1502 immo
658 1444 753 1512 etiam,
776 1445 799 1500 si
816 1461 850 1508 se
872 1445 911 1500 in·

108 1539 201 1598 debite
222 1540 360 1609 dilexerit,
383 1559 412 1598 se
440 1542 561 1611 occidet;
591 1544 614 1599 si
643 1542 738 1599 autom
764 1559 793 1598 se
815 1541 911 1600 odiens

109 1639 201 1697 solum
222 1638 312 1696 Deum
333 1639 470 1708 dilexerit,
491 1641 586 1711 ipsum
601 1640 725 1712 plenarie
747 1639 910 1711 possidebit.

109 1736 189 1794 Unde
214 1739 261 1808 qui
286 1737 376 1794 Deum
397 1738 500 1811 diligit,
522 1740 615 1810 ipsum
635 1738 722 1795 babet
746 1739 783 1806 et,
805 1737 911 1810 quanto

109 1834 261 1906 perfectius
281 1835 384 1914 diligit,
405 1836 488 1894 tanto
511 1836 662 1908 perfectius
683 1837 777 1908 ipsum
798 1834 894 1892 habet.

189 1931 213 1990 Ο
233 1932 396 1990 stultissimi
412 1932 553 1991 homines!
570 1950 619 1990 cur
634 1933 678 1990 bic
693 1934 787 1991 oculos
802 1933 912 1991 vestros

109 2047 165 2089 non
181 2031 297 2102 ponitis,
309 2032 332 2087 si
345 2030 432 2088 uultis
443 2031 472 2089 et
483 2047 532 2090 ros
546 2032 576 2088 et
586 2032 680 2090 omnia
691 2030 842 2089 abhorrere
848 2031 913 2105 (2ll

110 2129 202 2197 Certe,
230 2145 294 2185 cum
326 2129 463 2197 videritis,
495 2145 546 2187 uos
577 2129 720 2201 possidere
751 2127 912 2186 Creatorem

109 2229 244 2295 omnium,
266 2228 295 2284 et
315 2244 395 2284 mens
416 2230 513 2285 vestra
534 2229 562 2284 in
584 2229 646 2299 ipso
667 2226 793 2300 quietata
817 2226 912 2294 fuerit,

109 2327 204 2383 omnia
225 2326 383 2382 vanitatem
404 2324 585 2397 reputabitis
606 2325 635 2382 et
663 2341 780 2396 corpora
806 2324 912 2391 uestra,

109 2423 177 2480 dum
191 2421 284 2481 adhuc
298 2423 522 2491 suntmortalia,
538 2423 675 2494 tanqmm
690 2424 814 2480 stercora
829 2421 913 2479 erunt

110 2520 190 2579 robis
211 2521 421 2578 abominabilia.
436 2517 483 2588 m,
499 2522 573 2579 sicut
586 2522 634 2592 qai
657 2520 781 2578 auferret
803 2520 913 2577 stercus

111 2619 156 2676 vel
176 2618 283 2691 aliquid
304 2618 490 2676 abominabile
511 2619 548 2676 ab
569 2619 657 2676 oculis
677 2618 790 2686 rostris,
807 2619 847 2675 sic
865 2619 913 2690 qui

176 2850 199 2909 1)
217 2849 241 2895 ll
257 2849 378 2895 omiseris.

174 2928 200 2987 2)
218 2929 242 2975 bi
257 2930 341 2976 omnia
357 2933 440 2976 oestro
452 2929 599 2988 pertimere
615 2928 649 2974 ad
665 2929 789 2975 bonorem.
