2284 3484
461 274 746 318 crimmum
789 274 1064 328 muratus
1104 274 1213 316 PRO
1253 273 1508 315 mnncro,
1679 255 1793 314 189

201 489 230 517 «
259 466 502 525 Sanctus
544 467 880 527 Franciscus
922 467 1168 538 praeviis
1210 464 1529 524 orationum
1572 463 1793 531 studiiS‚

191 567 324 640 quid
367 565 556 635 faciat,
588 566 922 635 instructuS‚
950 582 1062 624 non
1108 566 1215 623 sibi
1252 567 1355 624 soli
1385 568 1621 623 vivere»
1660 563 1793 633 etc.;

192 665 250 722 et
293 664 465 722 etiam
506 664 639 722 ante
681 664 872 721 datam
917 664 1172 736 regulam
1232 681 1379 735 papa
1432 662 1795 722 Innocentius

194 763 292 821 III
331 765 380 820 ei
424 763 481 821 et
542 763 817 820 fratribus
860 762 1028 820 iussit
1070 762 1502 834 praedicationis
1553 760 1792 819 officium
1881 800 1884 803 <

191 878 444 919 exercere
475 860 584 935 (1).
629 860 859 918 Habent
901 876 1034 933 ergo
1077 860 1287 918 fratres
1316 861 1400 918 illi
1433 859 1794 932 praedicatio-

192 961 283 1017 nis
325 959 565 1017 officium
606 960 894 1018 nullorum
937 958 1178 1017 aliorum
1219 958 1533 1015 imitatione
1576 958 1665 1014 vel
1706 973 1796 1015 oc-

193 1059 415 1117 casione
456 1059 865 1131 religiosorum,
910 1058 1006 1115 sed
1048 1076 1112 1115 ex
1155 1057 1352 1114 intimo
1398 1056 1586 1114 status
1620 1053 1730 1113 sui.

355 1157 437 1214 De
481 1156 682 1229 pedum
726 1157 915 1215 autem
957 1156 1217 1214 nuditate
1265 1154 1483 1213 frustra
1530 1156 1794 1228 loqueris,

192 1273 319 1313 cum
369 1255 536 1313 nudis
587 1254 819 1327 pedibus
861 1254 1033 1312 fuerit
1073 1254 1201 1312 fidei
1246 1254 1459 1312 veritas
1502 1271 1602 1326 per
1644 1252 1795 1311 orbis

190 1354 552 1412 latitudinem
585 1353 946 1426 promulgata
974 1354 1084 1427 (2).
1127 1353 1288 1411 Unde
1318 1353 1694 1425 Hieronymus
1736 1353 1793 1409 in

191 1452 473 1524 Epistola
501 1451 580 1509 ad
614 1451 964 1510 Geruntiam
989 1451 1077 1526 (3)
1109 1451 1275 1508 dicit:
1318 1474 1345 1502 «
1369 1451 1644 1522 Discipuli
1675 1450 1794 1508 toto

191 1550 326 1609 orbe
350 1552 631 1623 peregrini
661 1567 769 1607 non
801 1567 897 1607 aes
919 1551 975 1607 in
1001 1566 1158 1618 zona,
1176 1565 1286 1607 non
1311 1550 1524 1621 caligas
1548 1548 1792 1606 habuere

191 1651 251 1706 in
283 1648 517 1720 pedibus
541 1672 568 1700 »
593 1671 605 1718 3
637 1665 701 1705 ex
731 1664 839 1720 quo
881 1649 1209 1721 Hieronymi
1239 1648 1409 1727 verbo
1438 1647 1617 1719 patet,
1648 1647 1794 1720 quod

190 1748 589 1805 calceamentis
629 1747 718 1821 (4)
762 1748 1070 1805 caruerunt
1124 1764 1225 1819 per
1283 1746 1466 1805 totum
1525 1746 1793 1803 mundum

190 1846 373 1904 eundo
394 1845 452 1903 et
479 1862 590 1904 non
619 1845 846 1902 tantum
877 1845 1249 1917 praedicando
1280 1846 1336 1901 in
1367 1844 1598 1901 Iudaea.
1623 1844 1794 1901 Cuius

192 1944 384 2001 tamen
426 1944 772 2002 contrarium
801 1944 1029 2016 quidam
1057 1943 1360 2015 aliquando
1391 1959 1685 2014 perperam
1715 1942 1791 2000 af-

323 2221 367 2279 1)
403 2220 596 2278 Quando
637 2218 938 2265 Innocentius
970 2219 1036 2264 III
1085 2236 1107 2261 ι
1131 2218 1232 2263 sine
1275 2218 1403 2263 bulla
1426 2235 1448 2259 ³>
1489 2217 1682 2275 primam
1722 2232 1791 2264 re—

191 2302 349 2359 gulam
384 2300 432 2348 S.
459 2298 700 2347 Francisci
723 2294 1034 2357 confirmavit,
1067 2317 1089 2342 α
1106 2297 1238 2345 dedit
1270 2300 1325 2345 de
1347 2298 1639 2356 poenitentia
1662 2312 1791 2357 prae-

191 2381 393 2428 dicanda
427 2382 698 2427 mandatum
721 2396 744 2422 »
785 2381 1006 2437 (Bonam,
1043 2380 1272 2439 Leyenda
1295 2380 1343 2425 S.
1370 2380 1649 2435 Francisci,
1674 2393 1714 2425 c.
1744 2379 1789 2425 3.

193 2478 243 2509 n.
284 2462 380 2521 10).
418 2461 514 2508 Cfr.
550 2462 570 2507 I
605 2461 776 2508 Celano
799 2476 844 2519 p.
873 2462 893 2506 I
919 2475 959 2506 c.
1002 2461 1090 2513 133
1126 2461 1170 2507 II
1205 2460 1375 2507 Celano
1409 2475 1455 2518 p.
1491 2461 1511 2506 I
1544 2475 1586 2505 c.
1617 2460 1708 2506 11.·
1733 2486 1793 2494 —

193 2543 293 2590 Cfr.
329 2541 472 2589 etiam
506 2556 547 2589 c.
578 2543 632 2588 17
666 2541 842 2599 primae
874 2542 1081 2598 Regulae
1107 2542 1261 2601 (Bibl.
1288 2542 1475 2587 Franc.
1500 2541 1642 2597 Asc„
1676 2543 1715 2587 t.
1751 2542 1789 2587 Ι.

191 2638 303 2683 pag.
339 2623 441 2681 46).

316 2704 366 2762 2)
401 2704 490 2749 Pro
523 2702 825 2759 sequentibus
867 2702 954 2749 cfr.
991 2704 1190 2760 Bonav.‚
1236 2703 1422 2761 Expos.
1468 2716 1581 2760 sup.
1627 2703 1787 2760 reyul.

191 2786 253 2831 F.
291 2784 383 2840 M„
417 2797 458 2829 c.
496 2784 524 2828 2
559 2797 606 2828 n.
648 2783 722 2829 18.

320 2865 367 2924 3)
404 2865 569 2923 Epist.
610 2864 698 2910 123
733 2863 874 2922 (alias
912 2864 1008 2923 11),
1045 2878 1092 2909 n.
1134 2864 1208 2910 15.

317 2945 367 3005 4)
403 2945 438 2990 L
472 2944 607 2990 addit
639 2944 870 3003 apostoli.
