2284 3484
407 238 497 281 cerus
519 239 561 280 111.
846 221 882 280 17

79 430 133 487 Sed
153 429 422 502 quantumcumque,
437 429 511 502 quod
528 429 605 486 Deus
626 446 670 486 me
691 429 883 501 praesciverit,

78 527 146 584 fiam
160 527 264 595 certus
277 528 342 594 scio,
354 526 426 600 quod
442 544 471 584 se
485 529 577 598 ipsum
594 544 697 600 negare
711 543 768 586 uon
780 527 884 600 potest.

79 624 152 682 Eum
178 624 269 696 igitur
295 624 366 683 totis
393 624 496 682 mentis
517 625 673 690 visceribus
702 624 885 696 amplexabor

78 722 108 780 et
128 723 223 794 ipsum
245 722 390 794 stringens
411 721 532 789 fortiter,
554 723 578 780 si
600 722 684 780 etiam
700 739 812 781 eurora
833 739 886 794 up-

73 822 223 892 pumero,
234 821 296 878 etsi
308 820 382 876 mibi
397 819 655 893 benedicentem
667 821 815 880 dimittam
825 819 884 896 (1);

79 918 180 991 quodsi
201 917 382 985 benedixerit,
404 934 454 976 nec
474 918 558 976 etiem
587 918 656 976 tunc
677 918 829 987 dimittam,
857 917 886 977 et

78 1017 121 1074 ita
135 1019 197 1073 sine
217 1033 261 1074 me
275 1015 402 1074 recedere
417 1032 472 1074 nou
488 1016 604 1078 valebit.
618 1016 739 1074 Licitum
754 1016 798 1073 est
811 1017 885 1074 enim

80 1214 143 1285 ipse
164 1212 340 1270 commendet
360 1213 434 1282 illue,
456 1214 503 1284 qui
526 1211 674 1270 coeloram
694 1228 817 1285 repetem
839 1229 887 1270 ra·

77 1312 171 1382 ptum
192 1309 330 1368 ototcoter
341 1311 396 1384 (2).

163 1407 223 1464 Aut
244 1407 319 1466 certe
334 1409 399 1477 scio,
415 1408 482 1481 quid
500 1407 617 1466 faciam:
632 1407 667 1465 Iu
682 1408 810 1465 cavernis
825 1424 886 1466 suo·

35 1523 38 1531 ·
80 1522 144 1563 rum
167 1507 317 1563 vulnerum
339 1523 382 1562 me
402 1506 573 1564 abscondam
594 1505 687 1578 ibique
701 1505 823 1578 quietius
843 1506 886 1562 la-

79 1603 181 1672 titabo,
197 1620 247 1661 uec
261 1604 342 1661 extra
362 1621 391 1660 se
413 1621 456 1661 me
479 1603 605 1676 poterit
597 1605 739 1672 mveuire3
754 1603 783 1661 et
801 1603 886 1662 etiam

80 1703 156 1760 exire
178 1701 345 1774 compellere
366 1717 422 1759 non
443 1701 560 1770 decebit
581 1702 647 1773 quia
666 1700 779 1774 dirit(3
782 1701 810 1774 );
829 1700 887 1775 Qut

79 1801 161 1858 versit
181 1801 221 1858 od
239 1815 293 1872 me,
315 1816 375 1856 aco
396 1815 461 1857 eum
481 1798 886 1868 etictomforas.Ets1ceou-

79 1898 215 1956 demnare
228 1914 271 1955 me
285 1913 341 1954 nore
358 1897 471 1969 poterit,
486 1897 541 1954 uisi
556 1913 585 1954 se
599 1897 721 1955 voluerit
734 1896 886 1954 vindicare.

80 1993 142 2052 Aut
162 1994 200 2051 ad
219 1993 321 2052 matris
342 2010 409 2050 suae
431 1993 515 2066 pedes
537 1994 706 2065 provolutus
732 1993 826 2051 iacebo
846 1993 884 2062 et,

5 2141 6 2144 ,
82 2091 157 2164 quod
179 2090 296 2164 propter
317 2091 477 2164 peccatores
497 2090 590 2148 mater
610 2091 661 2148 Dei
683 2090 759 2148 facta
779 2091 827 2158 sit,
848 2091 887 2148 al·

80 2189 183 2262 legebo
205 2189 242 2258 et,
263 2189 297 2247 ut
320 2189 388 2247 mihi
408 2189 519 2247 veniam
547 2188 690 2260 impetret,
719 2188 884 2261 postulab03

79 2305 132 2346 nec
153 2287 299 2360 repulsam
319 2288 354 2346 ab
376 2305 409 2346 ea
423 2287 484 2360 pati
507 2288 614 2360 potero,
629 2289 695 2360 quia
717 2287 779 2346 fons
800 2287 886 2359 pieta·

80 2385 119 2443 tis
141 2386 178 2444 ab
200 2385 329 2444 omuibus
349 2387 538 2459 praedicatur.
556 2386 627 2457 Ipsa
641 2387 715 2443 enim
730 2402 785 2444 non
807 2386 886 2442 mise·

80 2513 244 2521 ———-

79 2587 148 2620 suum
165 2571 290 2620 consilium
307 2585 352 2618 non
370 2572 498 2630 poterimus
515 2573 660 2630 praevalere.
678 2571 727 2618 Hoc
747 2572 827 2617 tamen
844 2584 887 2617 sua

80 2653 183 2700 victoria
201 2654 247 2709 est,
265 2651 320 2709 quia
337 2651 443 2710 procedit
460 2665 474 2698 a
491 2665 533 2698 suu
551 2650 624 2697 nimia
640 2650 784 2698 bonitate».

146 2735 169 2792 1)
188 2733 247 2779 Gen.
265 2733 304 2790 32,
322 2733 361 2779 26.

143 2814 169 2873 2)
188 2813 279 2860 Matth.
299 2812 337 2871 11,
356 2812 394 2860 12.

145 2895 170 2953 3)
188 2894 254 2940 Ioau.
271 2893 296 2952 6,
315 2893 353 2939 37.
371 2895 379 2902 “

10 3316 28 3399 l,
64 3348 292 3430 fflmzr.
