2284 3484
214 242 254 302 90
480 259 620 304 sumnus
641 259 754 305 monus.

214 453 349 511 simulent
369 455 527 526 sapienter3
549 456 602 512 aut
628 453 712 528 forte,
737 456 803 528 quie
828 473 857 512 se
877 455 1028 528 reputant·

213 569 275 609 esse
297 553 377 620 viles,
399 569 455 610 non
477 554 664 626 praesumunt
694 555 734 612 sic
755 571 784 612 se
804 553 914 612 divinae
935 553 1018 610 fecici

214 650 344 708 continue
366 652 557 722 praesentare,
580 652 627 709 sed
648 669 677 709 se
698 652 801 710 vilibus
828 651 1017 725 adiungentes

213 751 308 821 ipsum
328 749 461 806 nituntur
475 751 597 808 revereri
618 751 646 808 in
660 751 750 819 corde,
764 751 806 808 ita
820 750 923 818 umen,
938 749 1014 822 quod

215 850 308 919 ipsum
338 847 498 905 immediate
529 848 681 920 aliquando
711 840 946 922 contemplentur.
973 848 1015 904 Et

214 946 283 1003 haec
303 945 399 1018 potest
419 962 480 1026 esee
494 946 577 1015 ratio,
593 963 680 1020 quare
701 948 741 1005 sic
762 963 844 1020 saepe
864 963 925 1003 curn
947 947 1015 1003 aliis

214 1042 414 1112 inundantur,
442 1045 509 1116 quia
535 1045 627 1102 oritur
655 1046 694 1102 eis
722 1044 841 1113 laetitia,
869 1043 941 1116 quod
972 1045 1015 1102 sic

215 1142 285 1200 viles
311 1142 447 1210 homines,
469 1142 542 1200 sicut
566 1160 597 1200 se
617 1143 788 1216 existimant,
811 1141 930 1216 possunt
949 1158 1014 1199 cum

184 1284 187 1289 .
215 1242 264 1308 eis,
286 1257 356 1312 quos
383 1240 433 1296 Dei
462 1239 537 1298 filios
557 1241 703 1312 reputent,
728 1241 898 1299 conversari.
918 1239 966 1308 lit,
990 1241 1016 1296 si

214 1339 283 1396 dicis
304 1338 420 1411 propter
440 1338 565 1410 sliquos:
589 1355 655 1411 ergo
676 1337 810 1396 deberent
835 1355 897 1398 cum
923 1337 1017 1395 melio·

215 1436 293 1493 ribus
313 1435 451 1503 habitere,
472 1435 542 1502 dico,
559 1437 633 1508 quud
655 1435 727 1494 forte
748 1436 812 1494 illos
833 1435 960 1493 meliores
974 1451 1017 1492 re·

216 1532 328 1604 putent,
352 1534 401 1606 qui
430 1535 563 1592 minorem
579 1532 624 1607 (1)
654 1533 790 1590 simulant
818 1531 1016 1601 sanctitatem

214 1631 265 1687 eut
279 1629 351 1688 forte
372 1647 433 1688 esse
452 1647 514 1688 curu
535 1632 594 1688 illis
615 1647 669 1689 nun
692 1630 828 1703 reputant
849 1647 878 1687 se
899 1645 959 1687 esse
973 1629 1018 1686 di-

214 1745 295 1802 gnos‚
316 1730 383 1800 quiu
403 1730 487 1786 nimis
507 1729 749 1787 econversatione
771 1728 883 1787 illorum
904 1727 1019 1784 videtur

214 1828 255 1884 eis
275 1827 420 1884 dissimilis
442 1827 502 1884 vite
522 1844 583 1884 sua.
604 1827 643 1883 Et
656 1827 716 1885 ideo
736 1826 863 1884 sufficere
883 1827 922 1884 eis
943 1826 1019 1884 ride·

215 1925 272 1992 tur,
293 1941 356 1982 cum
378 1925 489 1997 possint
508 1941 569 1982 esse
597 1942 660 1983 cum
688 1925 746 1982 illis
768 1925 817 1982 Dei
842 1924 918 1993 filiis,
946 1939 1019 1996 quos

214 2023 313 2080 velent
332 2023 494 2096 aliqualiter
513 2023 635 2092 imiteri3
658 2024 751 2080 sciunt
779 2024 862 2090 eninr,
890 2021 964 2094 quod
986 2023 1018 2078 iu

214 2122 385 2179 habentibus
412 2122 569 2194 symbolum
591 2121 699 2179 facilior
720 2121 765 2178 est
785 2119 941 2189 transitus3
966 2121 1020 2178 eut

215 2218 288 2277 forte
309 2220 410 2277 volunt
429 2236 490 2276 esse
510 2235 572 2276 cunr
602 2219 694 2276 minus
723 2218 863 2290 perfectis,
888 2233 923 2275 ne
944 2217 1019 2276 forto

215 2332 267 2374 sua
288 2316 361 2374 bona
381 2316 501 2374 intentio
520 2317 716 2389 cognoscatur.

294 2413 380 2471 Potes
399 2413 485 2470 etiarn
505 2413 639 2486 cogitare,
654 2413 727 2486 quod
748 2413 870 2471 fortusse
890 2413 942 2470 hoc
955 2429 1019 2471 con-

214 2510 300 2568 cessit
320 2510 373 2567 sibi
394 2510 539 2579 Dominus
562 2510 595 2567 ut
615 2511 688 2568 circa
708 2511 765 2567 ista
785 2510 941 2568 extrinsece
965 2511 1021 2567 im-

215 2607 355 2679 plicentur
375 2607 405 2664 et
424 2624 486 2665 cum
508 2607 647 2665 fratribus
667 2607 878 2676 conversentur,
893 2608 959 2680 quia
979 2608 1021 2664 sic

214 2705 259 2762 est
280 2704 369 2762 Deum
390 2704 531 2763 difficilius
557 2706 707 2777 possidere,
730 2722 814 2779 quem
843 2706 866 2762 si
895 2705 1021 2763 solitarii

216 2841 374 2850 *-

279 2919 302 2978 1)
321 2918 344 2964 Μ
361 2918 494 2967 occisorem.
566 2976 569 2984 Ι
