2284 3484
435 285 525 328 cueuu
547 287 585 328 rx.
871 271 910 328 43

189 477 274 535 Potes
308 481 381 536 enim
410 480 533 552 cogitare
568 480 604 537 ad
632 480 836 537 humiliandum
864 496 912 538 cor

106 577 187 634 tuum
210 594 295 650 super
316 577 389 634 hanc
409 577 591 647 dulcedinem,
613 579 686 651 quod
702 580 839 645 Dominus
861 594 911 649 pro

107 675 203 747 aliquo
226 691 313 746 parvo
335 675 415 742 bono,
438 675 511 747 quod
532 677 602 734 facis
619 678 648 734 iu
671 677 822 749 praesenti,
837 676 910 748 quod

107 769 140 831 tu
161 773 282 832 forsitan
309 773 425 846 reputas
452 791 512 832 esse
534 792 678 848 magnum,
700 776 821 834 fortasse
848 774 911 832 vult

106 872 185 929 istud
207 889 258 943 pro
285 873 408 944 praemio
441 872 492 929 tibi
523 873 599 941 dare,
625 875 692 945 quia
721 875 748 930 te
777 874 911 945 praemiis

91 964 232 1027 'aeternis
252 987 307 1028 non
340 970 465 1056 reputat
487 987 550 1027 esse
578 971 704 1043 dignum.
726 971 811 1030 Potes
835 972 909 1028 enim

107 1068 207 1125 timere
229 1067 421 1139 probabiliter,
444 1085 478 1124 ne
499 1067 576 1126 istud
597 1069 790 1126 dulcissimum
813 1071 908 1125 vinum

107 1166 160 1223 tibi
174 1164 266 1223 adhuc
281 1166 469 1237 spiritualiter
483 1166 656 1224 febricitanti
668 1168 822 1238 periculum
837 1184 909 1225 mor·

106 1264 146 1322 tis
160 1264 284 1332 inducat,
299 1264 351 1322 hoc
365 1265 417 1330 est,
432 1265 645 1323 occasionaliter
655 1265 741 1341 faciat
755 1266 910 1339 superbire.

106 1363 229 1434 Ideoque
245 1363 327 1435 pleno
338 1363 427 1430 corde,
441 1363 506 1420 dum
523 1380 621 1420 sumus
635 1365 664 1420 iu
679 1363 731 1422 hae
743 1364 817 1421 valle
833 1364 911 1421 mise·

106 1463 165 1519 riae
180 1461 337 1529 constituti,
353 1461 483 1523 debemus
498 1462 632 1534 appetere
648 1463 738 1534 magis
753 1479 804 1535 pro
818 1479 910 1534 pecca·

106 1559 146 1616 tis
159 1558 268 1617 nostris
282 1576 345 1616 cum
360 1558 472 1616 Christo
486 1559 617 1618 crucifixo
631 1559 720 1631 affigi,
741 1562 921 1633 quampul-

106 1657 211 1718 culosis
226 1657 304 1716 afflui
319 1657 433 1715 deliciis.
455 1657 493 1714 Et
514 1658 588 1715 sicut
608 1658 732 1730 quotidie
754 1675 909 1730 peccamus,

105 1757 192 1813 immo
203 1756 284 1828 quasi
296 1755 436 1822 continue,
449 1757 487 1812 sio
498 1756 662 1813 deberemus
673 1772 725 1828 pro
735 1757 839 1814 eisdem
851 1773 910 1828 pec-

105 1853 179 1911 catis
194 1853 266 1912 uelle
281 1870 398 1926 poenam
413 1855 544 1912 continue
559 1854 708 1912 sustinere.
720 1854 766 1921 Et,
779 1854 852 1912 siout
866 1871 911 1912 su-

107 1969 169 2009 mus
191 1952 322 2008 uilissimi
343 1951 393 2009 Dei
415 1953 498 2020 servi,
514 1953 553 2009 sic
567 1952 681 2009 deberet
695 1953 775 2010 nobis
790 1953 909 2025 placere,

105 2051 191 2109 immo
209 2049 372 2106 deberemus
393 2048 526 2122 appetere
548 2051 584 2108 ab
606 2049 766 2107 hominibus
780 2051 909 2107 vilissimi

107 2147 245 2220 reputari.
259 2146 306 2216 Et,
319 2146 392 2204 sicut
405 2147 441 2204 ad
455 2147 587 2204 honorem
604 2147 654 2204 Dei
669 2147 736 2204 facti
752 2165 858 2215 sumus,
871 2149 910 2205 sic

104 2245 177 2303 illud
199 2246 289 2304 solum
306 2245 419 2303 deberet
432 2245 501 2303 inihi
516 2247 544 2302 in
560 2263 604 2303 rue
618 2246 647 2303 et
660 2247 689 2303 in
704 2247 768 2303 aliis
789 2247 908 2318 placere,

105 2343 180 2416 quod
195 2343 231 2401 ad
246 2359 329 2401 suum
350 2343 442 2400 tendit
460 2343 603 2411 honorem,
618 2343 648 2401 et
661 2345 732 2401 illud
750 2345 841 2402 solum
856 2345 910 2401 dis-

105 2442 219 2513 plicere,
234 2441 308 2514 quod
323 2443 351 2498 in
366 2443 539 2499 contrarium
555 2443 659 2514 vergit.
674 2443 715 2499 De
729 2441 910 2499 indifferenti·

104 2540 158 2597 bus
177 2539 257 2597 nullo
272 2540 351 2597 modo
366 2539 528 2597 deberemus
542 2557 650 2608 curare,
664 2526 721 2597 nisi
735 2542 801 2612 quia
816 2541 909 2598 omnia

102 2637 270 2695 deberemus
284 2637 320 2694 ad
333 2637 443 2695 laudem
466 2653 545 2694 suam
566 2637 679 2694 referre.
695 2637 773 2706 Quod
788 2640 848 2709 ipse
863 2656 909 2697 uo·

103 2737 148 2794 bis
168 2735 313 2808 concedat,
327 2738 374 2808 qui
389 2736 433 2793 est
447 2737 605 2808 peremnia
622 2736 794 2794 benedictus.
808 2737 908 2795 Amen.

418 2915 598 2960 *esea*-
