2284 3484
501 281 789 325 cAu'mctm
828 280 1102 323 merulus
1145 281 1253 323 Pno
1292 282 1549 325 mnssc'm.
1715 266 1832 325 203

227 475 298 529 ut
352 472 700 545 Ierusalem,
740 474 810 530 ut
856 475 1192 531 castrorum
1252 472 1432 531 aciem
1497 471 1832 544 terribilem,

227 572 391 629 omni
431 574 747 628 armatura
785 568 1032 640 fortium
1066 571 1502 628 comunitam.
1530 570 1649 627 Hie
1675 570 1835 627 habi-

229 668 388 741 tabo,
431 669 713 741 quoniam
755 668 900 741 eleyi
938 685 1067 727 eam
1095 668 1207 743 (1),
1251 669 1477 727 domum
1519 668 1831 740 sapientiae

206 765 288 823 'et
328 766 583 824 virtutis,
624 766 729 824 Sed
780 767 1034 839 nunquid
1086 782 1297 826 vovens
1353 766 1606 839 regulam
1664 765 1834 824 vovet

228 863 368 921 haec
410 866 596 922 omnia
638 864 998 937 perfectionis
1052 865 1303 937 insignia
1342 864 1400 922 et
1440 865 1627 923 omnia
1668 865 1726 921 in
1768 880 1833 922 ea

228 962 498 1019 contenta
521 962 548 1018 ?

390 1059 704 1131 Respondit
745 1060 939 1118 Senior
965 1059 1055 1134 (2)
1082 1081 1096 1117 ε
1139 1060 1376 1117 Fratres
1404 1075 1596 1118 omnes
1624 1060 1834 1118 vovent

229 1156 546 1229 profitendo
586 1158 841 1230 regulam
872 1157 1021 1215 beati
1060 1158 1348 1215 Francisci
1388 1174 1501 1216 non
1544 1159 1641 1226 sic,
1684 1156 1830 1229 quod

229 1271 290 1312 se
331 1255 403 1312 ad
447 1256 650 1324 omnia,
709 1271 851 1327 quae
908 1257 965 1313 in
1027 1272 1093 1313 ea
1150 1256 1305 1324 sunt,
1360 1255 1615 1329 obligent
1671 1271 1833 1327 prae-

227 1351 476 1425 ceptorie
505 1353 875 1421 observanda,
906 1370 1033 1411 cum
1070 1355 1240 1426 plura
1281 1354 1339 1412 in
1382 1371 1448 1412 ea
1487 1353 1831 1412 obsecrando

227 1451 286 1508 et
314 1449 662 1511 exhortando
701 1452 1102 1510 contineantur
1130 1451 1445 1521 manifeste,
1476 1452 1573 1511 sed
1602 1451 1827 1520 vovent,

230 1565 292 1607 se
335 1550 589 1622 regulam
642 1549 1044 1609 observaturos
1099 1550 1404 1609 secundum
1460 1550 1830 1608 intentionem

227 1645 597 1716 mandatorio,
625 1648 785 1706 cuius
815 1648 924 1707 fuit
951 1648 1239 1707 evidenter
1268 1647 1527 1717 intentio,
1552 1648 1825 1721 quaedam

225 1746 284 1802 in
328 1746 527 1818 regula
572 1746 964 1806 contentorum
1007 1748 1293 1820 imponere
1336 1746 1670 1819 obligatorie
1712 1745 1828 1804 fra-

226 1841 431 1910 tribuS,
475 1843 534 1901 et
574 1843 812 1902 istorum
856 1845 1066 1903 vovent
1105 1846 1333 1904 omnino
1375 1844 1828 1913 observantiam3

223 1940 497 2013 quaedam
554 1957 688 1999 vero
745 1942 1059 2010 monitorie,
1109 1942 1168 2000 et
1207 1941 1322 2003 ista
1362 1958 1475 2003 non
1519 1942 1728 2001 vovent
1768 1959 1827 2000 se

225 2038 455 2111 penitus
495 2038 842 2108 servaturoS‚
873 2040 970 2097 sed
1001 2057 1066 2097 ea
1096 2056 1155 2098 se
1196 2039 1494 2099 habituros
1536 2057 1640 2113 pro
1681 2042 1828 2099 salu-

227 2136 451 2195 taribus
491 2135 888 2197 hortamentis.
928 2138 1124 2197 Totam
1171 2154 1306 2212 ergo
1348 2140 1574 2208 vovent,
1618 2140 1830 2212 partim

225 2234 300 2292 ad
341 2234 761 2294 observantiam
804 2237 1197 2307 necessariam,
1238 2237 1449 2309 partim
1476 2237 1549 2295 ad
1578 2253 1829 2296 reveren-

227 2332 369 2390 tiam
410 2332 760 2406 disciplinae.

386 2526 762 2601 Apprehensa
801 2530 980 2604 igitur
1020 2530 1246 2589 fimbria
1274 2531 1385 2590 viri
1413 2532 1639 2590 veridici
1680 2531 1824 2590 dixi:

223 2624 337 2684 Ibo
378 2625 706 2698 vobiscum‚·
760 2628 962 2687 audivi
1001 2630 1174 2702 enim,
1217 2628 1378 2702 quod
1412 2629 1704 2689 vobisewm
1743 2632 1829 2688 est

351 2856 398 2916 1)
435 2856 514 2904 Ps.
553 2856 660 2915 181,
700 2856 775 2903 14.

346 2936 397 2995 2)
434 2935 531 2985 Cfr.
568 2937 769 2996 Bonam,
794 2936 982 2997 Eoepos.
1016 2952 1130 2998 sup.
1155 2940 1317 2998 regul.
1342 2939 1402 2986 F.
1429 2938 1521 2999 M„
1556 2953 1599 2987 e.
1640 2941 1661 2986 1
1698 2953 1748 2987 n.
1776 2940 1823 2987 3.
