2284 3484
226 232 283 292 108
489 249 630 292 1111111111
651 249 764 292 auoars

224 443 288 514 quis
312 444 404 516 magis
424 459 492 500 suae
512 442 634 500 vilitatis
655 442 699 499 ost
719 441 856 514 cognitor,
878 440 960 499 tanto
980 441 1026 498 est

224 541 315 613 magis
335 541 448 598 divinae
468 540 626 599 maiestatis
639 539 792 612 inspector.
806 539 878 608 Quid
891 555 959 611 ergo
972 538 1027 596 uti-

223 640 289 705 lius,
313 655 397 711 quam
420 655 470 710 per
489 638 542 696 hoo
561 637 706 696 humiliari
727 637 756 695 et
777 638 816 714 sio
836 636 872 693 ad
892 636 1025 694 caelestia

224 736 366 794 exaltari?
386 736 454 805 Quis
474 752 542 808 ergo
562 735 671 803 renuet,
694 753 723 792 se
745 735 816 792 odiri
836 733 866 792 et
885 733 922 791 ab
939 735 1025 792 omni·

224 833 278 895 bus
304 834 489 891 conculcari?
517 831 608 901 Corte,
636 834 737 901 neseio,
764 833 820 889 nisi
851 831 969 889 stultus.
996 831 1025 889 Si

223 931 298 988 enim
319 931 411 999 times,
433 947 450 989 o
469 930 562 998 homo,
584 947 655 1003 quae
676 947 694 988 a
714 929 878 1001 corporibus
897 928 1026 986 inferun-

224 1030 281 1095 tur,
303 1030 411 1102 quanto
433 1030 526 1102 magis
547 1028 646 1086 timere
667 1028 751 1086 debes
773 1045 845 1100 quae
867 1045 885 1084 a
905 1027 1025 1086 Domino

223 1126 411 1199 infligentur?
425 1127 471 1194 nt,
488 1128 512 1184 si
532 1127 583 1184 illa
605 1127 696 1194 times,
712 1125 787 1184 nerto
803 1125 861 1182 ista
875 1125 976 1197 diliges
996 1125 1026 1182 et

224 1224 349 1294 amabis3
371 1241 437 1282 narn
458 1225 530 1281 istae
553 1225 622 1282 sunt
636 1226 697 1282 viae
718 1225 754 1280 ad
775 1223 898 1296 patriam
919 1222 948 1280 et
969 1239 1026 1280 ma-

223 1321 296 1379 teria
323 1324 419 1395 magni
449 1321 530 1392 boni;
552 1323 760 1381 consolationes
781 1338 846 1380 vero
874 1320 944 1378 sunt
963 1322 1025 1379 viae

223 1419 259 1478 ad
281 1437 399 1491 poenam
420 1421 450 1478 et
470 1421 577 1479 oooasio
599 1420 903 1493 maguioasus.1stae,
919 1419 1026 1477 seilicet

223 1517 430 1576 consolationes
451 1519 480 1575 et
500 1518 630 1586 honorae,
649 1520 760 1576 animas
780 1517 910 1575 inficiunt
933 1516 963 1574 ot
982 1517 1026 1575 de·

223 1616 360 1687 turpant;
374 1616 427 1674 hae
441 1617 546 1684 autem,
565 1616 672 1675 seilicet
686 1615 892 1683 tribulationes,
914 1616 1026 1673 animas

222 1713 324 1771 lavant
337 1732 354 1770 a
368 1715 486 1772 maculis
503 1715 533 1772 et
555 1715 713 1787 purgante
728 1715 817 1772 sooria
836 1714 1025 1784 peccatorum,

223 1812 257 1868 ut
277 1813 318 1869 sio
337 1812 486 1869 dealbatae
507 1813 536 1870 et
556 1812 677 1869 mundae
692 1811 806 1869 videant
821 1811 909 1870 Deum
932 1828 1025 1868 snum.

223 1907 246 1966 0
268 1909 362 1966 Deus!
384 1911 448 1982 quis
469 1927 524 1968 non
546 1909 666 1982 appetat
687 1909 739 1968 hoo
766 1909 878 1977 babere,
899 1910 956 1966 nisi
977 1910 1026 1982 qui

222 2022 279 2064 nou
300 2007 413 2078 appetit
433 2007 461 2064 te
483 2007 586 2076 videro,
607 2008 658 2064 aut
678 2007 725 2079 qui
747 2005 802 2066 non
831 2007 944 2079 appetit
964 2023 1026 2065 evo-

222 2104 304 2161 lare?
325 2105 364 2161 Et
391 2105 527 2178 quomodo
556 2105 694 2178 probetur
714 2107 817 2179 aliquis
845 2105 913 2162 tuus
940 2122 1027 2163 verus

223 2203 339 2270 amicus,
354 2204 408 2260 nisi
424 2204 471 2276 qui
487 2219 538 2275 pro
552 2203 582 2261 te
596 2204 715 2261 adversa
728 2203 850 2262 voluerit
864 2204 1027 2262 sustinere?

223 2300 359 2372 Nunquid
380 2318 447 2359 vera
468 2302 593 2360 amicitia
621 2301 758 2374 probatur
778 2303 808 2358 in
828 2302 1026 2360 consolationi-

223 2397 275 2455 bus
296 2398 325 2456 ot
345 2398 500 2457 honoribus
520 2399 605 2457 liuius
625 2399 747 2456 mundi?
768 2399 859 2468 Certe,
881 2401 921 2458 sie
942 2401 1025 2472 pauci

222 2495 419 2555 invenirentur
439 2498 517 2565 mali,
540 2499 606 2570 quia
628 2499 708 2570 penei
730 2498 799 2556 sunt
816 2498 845 2556 et
859 2499 906 2555 uix
926 2498 1024 2572 aliqui,

222 2596 270 2666 qui
292 2611 348 2653 non
370 2596 511 2668 appetant
530 2597 680 2655 consolari.
694 2597 746 2654 Sed
767 2596 842 2655 oerte
857 2597 899 2654 illi
914 2596 958 2654 tui
974 2597 1025 2655 filii

206 2693 440 2762 oonoernuntur,
468 2710 539 2766 quos
568 2693 614 2752 hio
641 2696 781 2767 corrigere
809 2710 865 2752 nou
892 2694 1023 2764 desistis3

162 2793 165 2797 ’
222 2806 289 2846 nam
310 2807 420 2862 semper
440 2807 504 2849 oum
524 2792 632 2850 talibus
653 2793 844 2851 commoraris.
865 2791 930 2850 Non
957 2809 1024 2864 ergo

222 2886 274 2946 hoo
288 2889 399 2958 renuat,
414 2889 463 2947 sed
477 2890 588 2964 diligat,
603 2892 658 2948 nisi
673 2892 720 2964 qui
738 2906 794 2949 non
808 2889 873 2948 vult
886 2890 1024 2964 unquam
