2284 3484
240 194 383 237 onnmeun
403 194 539 237 rubemus
561 194 615 236 ruo
635 194 763 235 nnncro.
847 175 903 235 183

104 296 318 305 -a———--—-—-
506 298 645 303 ...-...-.-.-

103 370 235 444 imitatur
251 384 305 461 (1).
327 387 361 444 In
384 386 435 444 hoc
456 388 549 443 autem
572 387 675 458 duplici
696 404 798 459 genere
819 386 905 444 homi·

102 501 172 541 num
193 485 315 552 constat,
338 502 446 542 omnem
470 486 622 541 humanam
655 485 683 541 et
713 484 837 541 divinam
863 500 905 541 sa·
987 535 990 539 .
1049 533 1052 537 Δ

104 582 240 654 pientiam
262 583 405 651 illuxisse3
427 584 523 641 nullus
544 583 632 655 igitur
647 582 741 640 status
754 584 848 655 aptior
862 582 907 639 est

103 680 159 739 isto
182 682 338 753 sapientiae
360 682 553 753 acquirendae.
579 682 666 739 Iudas
691 683 795 754 qnippe
820 697 907 752 appe-

105 780 169 837 tens
184 781 330 851 pecuniam
347 779 469 851 perdidit
487 780 672 851 sapientiam
694 797 804 837 summa
818 780 906 852 igitur

104 894 121 935 a
143 861 262 950 pecnnia
282 878 422 937 absolutio
444 879 590 950 dispositio
611 878 646 935 ad
668 879 838 950 sapientiam
862 877 915 938 est.

104 977 133 1033 in
156 992 275 1034 summo.
407 1038 410 1044 ,

187 1074 229 1131 De
250 1076 413 1147 prolixitate
439 1076 533 1133 autem
555 1075 735 1131 ecclesiastici
760 1074 908 1133 6111611111-

106 1174 243 1244 sipienter
275 1176 462 1246 conquereris,
494 1191 554 1231 cum
589 1190 644 1231 non
673 1174 711 1230 sit
741 1172 792 1229 tibi
823 1172 907 1229 tanta

105 1287 174 1328 cura
196 1274 352 1343 sapientiae
378 1273 545 1339 necessaria,
567 1272 675 1344 quanta
695 1270 750 1328 11111
771 1271 837 1339 illis,
859 1272 907 1343 qui

103 1370 311 1441 gubernatores
342 1371 472 1428 ecclesiae
503 1370 671 1427 exsistentes
705 1371 804 1441 ipsum*
829 1371 908 1427 insti·

106 1469 226 1525 tuerunt
258 1468 377 1526 officinm
410 1469 439 1525 61
470 1469 552 1525 simul
589 1469 722 1525 rexerunt
753 1468 907 1535 ecclesiam,

104 1565 334 1623 terminaverunt
355 1568 429 1635 lites,
450 1566 636 1624 condiderunt
656 1566 753 1640 libros,
769 1584 818 1637 per
837 1582 912 1638 quos.

106 1662 215 1720 Christi
236 1665 351 1721 ecclesia
372 1664 557 1736 gubernatur,
573 1665 606 1719 ut
622 1665 703 1734 patet
722 1666 751 1720 in
774 1661 908 1735 Gregorio

107 1763 267 1833 praecipue,
289 1764 335 1835 qni
357 1763 411 1819 fnit
432 1762 516 1819 buius
537 1761 619 1819 officii
634 1762 791 1818 institutor.
813 1762 909 1833 Usque

108 1862 190 1921 modo
211 1860 297 1918 etiam
316 1877 433 1918 romana
454 1860 578 1926 ecclesia,
600 1858 717 1916 mittens
739 1860 908 1931 sapientiam

106 1962 136 2018 61
157 1959 304 2021 scientiam
326 1958 379 2017 toti
401 1958 512 2025 munde,
532 1959 626 2015 omnia
647 1959 752 2015 maiora
774 1957 909 2014 dirimens

105 2057 232 2131 negotia,
260 2059 289 2113 in
310 2056 359 2114 illo
381 2058 488 2127 prolixo
510 2054 600 2113 officio
624 2055 803 2112 Altissimnm
829 2072 909 2113 vene·

105 2155 199 2214 ratur.
228 2155 307 2211 Unde
339 2170 406 2225 ergo
437 2153 498 2220 tibi,
520 2153 676 2218 homuncio,
697 2153 796 2210 laudes
826 2170 909 2225 appe·

105 2256 166 2312 tere
187 2253 351 2311 breviores?
372 2251 453 2308 Certe
473 2251 577 2317 acedia,
599 2251 710 2318 inertia,
736 2252 908 2322 praesumtio

105 2353 135 2411 et
156 2350 321 2433 insipientia
342 2349 469 2406 fecerunt
490 2348 559 2405 talia
580 2349 771 2420 cogitantibus
791 2349 909 2420 phanta-

105 2452 166 2507 sias
186 2447 346 2506 huiusmodi
369 2448 522 2517 parturire.
542 2446 598 2503 Pro
620 2447 696 2503 certo
714 2448 787 2504 enim
802 2446 908 2515 teneas,

105 2548 287 2621 praeclarum
307 2562 368 2602 esse
395 2544 509 2600 laudum
533 2544 665 2601 meritum
691 2544 860 2612 divinarum,
881 2546 910 2602 et

106 2692 270 2701 --——--—

173 2780 195 2845 1¹)
215 2777 263 2824 cfr.
282 2777 382 2831 Bonam,
400 2774 493 2832 Expos
511 2788 567 2832 sup.
586 2776 666 2832 repul.
679 2775 708 2820 F.
722 2776 768 2831 M„
786 2790 806 2822 6.
828 2777 839 2822 l
857 2790 881 2823 n,
896 2776 910 2823 3

105 2863 132 2909 st
149 2858 234 2906 8611116
250 2871 306 2915 sup.
324 2855 415 2914 repul„
433 2868 456 2899 n.
478 2854 514 2901 15.
