2284 3484
239 214 277 272 76
500 231 641 274 summus
660 229 772 274 nucum.

236 420 353 494 propter
373 421 497 494 aliquam
517 421 688 480 dulcedinem
711 407 901 494 tempoialem,
924 422 972 480 sed
1002 423 1037 480 ut

236 518 278 576 tui
293 518 434 579 creatoris
456 535 596 578 summum
610 519 771 579 beneficium
791 535 990 593 recognoscens
1004 522 1036 578 in

235 619 295 676 elus
315 617 476 675 accendaris
495 633 628 677 amorem.

308 714 348 772 Et
361 715 429 774 haec
438 715 522 773 debet
530 732 592 774 ease
603 715 653 773 tua
663 716 795 774 continua
806 715 896 775 oratio
907 732 1032 788 semper:

581 907 682 971 Oratio.

314 1108 432 1168 Domino
452 1109 548 1166 sancto
568 1108 664 1177 Pater,
679 1109 795 1183 propter
815 1109 894 1168 tuam
914 1110 1031 1182 largita-

234 1206 289 1265 tem
312 1208 342 1266 ct
362 1207 426 1265 Filii
446 1207 498 1280 tui,
512 1223 596 1279 quam
611 1224 662 1280 pro
678 1225 720 1266 me
738 1207 882 1277 sustinuit,
901 1207 1029 1276 mortem,

235 1305 265 1362 et
286 1304 386 1362 matris
412 1306 472 1362 eius
502 1305 763 1363 excellentissimam
791 1306 968 1364 sanct'tatem
1001 1307 1031 1363 et

235 1401 311 1460 boati
340 1403 483 1462 Francieci
512 1403 542 1460 et
571 1404 694 1461 omnium
726 1404 886 1487 sanctorum
916 1403 1027 1473 merita,

233 1499 349 1558 concede
370 1500 439 1558 mihi
458 1500 598 1572 peccaturi
617 1501 646 1558 ct
668 1503 743 1560 omni
763 1501 812 1560 tuo
833 1501 963 1560 beneficio
985 1503 1030 1560 in-

233 1597 328 1670 diguo,
348 1597 381 1655 ut
403 1598 430 1656 te
451 1597 540 1656 solum
568 1598 693 1672 diligam,
721 1599 770 1658 tuo
798 1615 891 1658 amore
918 1615 1029 1671 semper

232 1694 364 1765 ferveam,
386 1696 466 1754 tuum
497 1696 629 1754 honorem
661 1713 771 1770 sempor
798 1697 900 1765 sitiam,
928 1697 1030 1756 bonefi-

232 1794 304 1855 cium
326 1795 466 1866 passionis
492 1795 559 1852 tuae
579 1796 709 1854 continue
736 1797 765 1878 in
792 1795 872 1853 cordo
899 1794 1029 1865 habeam,

232 1907 323 1948 meam
339 1893 479 1950 miseriam
496 1909 691 1966 recognoscam
712 1893 741 1950 et
760 1893 796 1950 ab
818 1892 946 1952 omnibus
967 1909 1030 1952 con·

232 1988 336 2046 sulcari
356 1989 386 2046 et
404 1990 544 2048 contemni
557 1992 679 2062 cupiam.
699 1990 779 2047 Nihil
797 2007 839 2048 me
852 1989 960 2048 afficiat
974 1992 1031 2049 nisi

232 2085 280 2155 tu;
301 2086 373 2143 nihil
393 2103 436 2144 me
455 2087 606 2145 contristet
626 2088 680 2144 nisi
700 2089 792 2160 culpa.
813 2088 911 2145 Amen.
