2284 3484
230 230 290 290 136
371 248 514 291 emmens
534 248 671 318 rsursurs
691 248 745 291 ruo
764 247 894 291 nmucro.

228 455 293 497 nem
313 456 332 497 a
352 441 472 499 scientio
492 457 548 527 saga
562 438 619 514 (1),
646 440 682 498 ad
703 441 814 512 partem
845 438 1026 513 Hippocratis

228 537 354 596 senorum
374 539 516 597 inclinavi.
538 538 591 608 cur
610 516 681 596 oeni
702 538 770 595 mem
797 538 912 607 orooro,
935 539 1025 596 vrum

227 652 289 695 esse
302 636 424 705 brevem,
445 639 534 695 artem
556 637 670 711 longam
698 638 728 695 et
747 636 1026 709 fallar‘erperimen-

228 734 299 805 tum,
321 734 424 793 timens
444 736 596 805 fallaciam,
611 738 640 794 in
653 737 703 795 illo
716 736 846 795 exercitio
861 737 939 795 renui
959 751 1026 793 cou-

133 862 136 869 *
228 849 339 892 sumere
359 834 495 906 temporis
516 834 693 893 breuitatem.

308 932 414 990 Audite
442 932 557 1005 proinde
587 934 669 990 laude
700 932 930 1001 mathematicae,
953 949 1024 1005 quae
1119 942 1124 951 ’

228 1030 434 1090 theorematum
454 1031 605 1089 altitudine
625 1032 949 1103 demonstrationemque
969 1048 1025 1088 cer·

228 1128 349 1188 titudine
374 1129 513 1187 certificat
545 1131 702 1198 veritatem,
726 1131 786 1187 eius
812 1130 959 1203 moesia
986 1130 1025 1186 in-

228 1226 322 1286 troivi.
345 1226 469 1300 Cumque
490 1219 550 1286 eam
565 1244 706 1285 cernerem
727 1228 816 1287 totam
831 1226 942 1285 duobus
961 1228 1025 1285 ecci·

228 1324 360 1396 dentibus
380 1326 539 1385 incumbere
559 1326 758 1394 declamandis,
785 1342 900 1383 numero
922 1325 1026 1383 scilicet

128 1470 133 1481 .
227 1423 257 1481 et
276 1424 463 1497 magnitudini
479 1441 637 1497 corporeae,
651 1424 801 1483 attendens
814 1425 844 1481 in
858 1422 1026 1482 substantiis

227 1520 411 1580 nobilissimis
432 1539 487 1581 non
509 1540 570 1584 esse
595 1540 645 1581 nec
665 1523 886 1596 magnitudinem
907 1539 960 1580 nec
980 1540 1026 1579 uu-

227 1637 346 1693 merum,
365 1620 435 1679 uta
463 1620 671 1679 mathematicis
698 1620 862 1689 ventilatur,
888 1620 1026 1678 illiciebat
1062 1674 1066 1680 .

227 1717 322 1775 temen
343 1719 489 1790 paululum
505 1719 555 1777 illa
570 1718 786 1777 mathematicae
800 1718 890 1791 parte,
904 1735 978 1790 quae
997 1736 1028 1776 ex

227 1816 306 1873 motu
326 1816 448 1875 siderum
469 1817 579 1891 colligit
599 1818 749 1891 praesagia
768 1816 938 1875 futurorum.
960 1816 1028 1875 (lou-

199 1958 206 1975 .
228 1913 356 1972 sidereos
371 1930 445 1983 rere,
457 1915 536 1973 illam
552 1932 608 1973 non
622 1914 908 1975 demonstrationibus
920 1914 1029 1982 deduci,

228 2011 276 2069 sed
297 2012 495 2095 experimentis
516 2012 626 2072 friuolis
651 2015 743 2081 inniti,
765 2015 856 2071 sciens
881 2011 966 2070 etiam
996 2028 1029 2070 ex
1087 2023 1093 2034 '

227 2110 305 2167 illius
319 2110 424 2184 negotii
440 2111 627 2183 peritissimis,
642 2111 792 2170 efficaciam
805 2111 927 2169 siderum
941 2126 1028 2182 super

227 2207 364 2266 habentes
383 2208 505 2267 liberum
525 2209 676 2267 arbitrium
703 2226 766 2268 esse
792 2210 866 2267 inter
894 2208 1027 2281 possibile

176 2324 179 2333 ·
228 2306 258 2363 et
277 2308 475 2376 necessarium,
497 2324 633 2382 posseque
654 2308 810 2380 sapientem
831 2307 970 2365 sideribus
983 2306 1028 2366 do

228 2404 339 2474 minari,
361 2405 418 2462 vidi
438 2423 455 2463 a
477 2407 566 2479 signis
588 2407 657 2465 coeli
678 2422 735 2465 non
755 2423 816 2464 esso
837 2404 1028 2472 metuendum,

229 2504 395 2574 praesertim
426 2520 488 2561 cum
520 2506 595 2563 circa
622 2506 673 2563 illa
700 2504 843 2576 sapientes
870 2503 1028 2561 Pharaonis

230 2600 418 2674 praecipitent
437 2600 550 2661 assidue
569 2603 727 2672 consilium,
748 2618 876 2675 uanaque
896 2601 1028 2673 reputavi

230 2713 315 2770 opera
336 2699 365 2756 et
385 2700 445 2757 risu
465 2700 561 2774 digna.
582 2701 622 2758 nt
641 2703 707 2775 quia
726 2702 757 2759 in
776 2699 940 2773 corporibus
960 2700 1028 2768 illis,

231 2830 389 2841 .......--.-.

292 2909 558 2971 mmmmm
