2284 3484
513 256 800 299 cAnrmcum
842 256 1117 299 PAUPERIS
1159 258 1266 301 rao
1306 258 1563 300 munere.
1729 242 1841 302 201

245 447 558 519 sapientem
605 448 676 528 ab
717 448 1038 506 hominibus
1082 449 1355 521 reputari.
1407 450 1525 508 Nec
1577 450 1693 508 ista
1744 450 1846 508 tibi

244 561 380 615 pars
422 545 765 604 humilitatis
806 546 1068 615 sufficiat,
1113 548 1317 605 sed'ex
1367 548 1528 606 corde
1569 548 1848 607 desideres

253 665 282 694 «
311 660 421 701 non
466 643 696 702 humilis
738 646 1068 716 praedicari,
1119 646 1387 706 sed-vilis
1417 645 1506 720 (1)
1537 669 1592 714 >›‚
1636 647 1847 719 absque

243 741 364 809 hoe,
407 742 554 814 quod
597 742 711 799 tale
752 743 964 815 aliquid
1007 744 1250 800 scienter
1280 745 1548 801 merearis
1576 743 1647 801 ab
1675 744 1848 802 homi-

225 838 411 916 ·nibus
473 840 745 911 reputari,
806 841 900 898 ubi
955 840 1243 899 doctrinae
1299 842 1389 899 vel
1442 841 1847 899 aedificationis

242 936 491 995 efficacia
529 954 640 995 non
686 938 988 1010 repugnat.
1031 938 1107 995 Et
1148 938 1295 996 hane
1335 938 1679 997 humilitatis
1724 956 1847 1012 pro-

241 1034 579 1092 funditatem
611 1037 778 1094 sonat
812 1053 1011 1094 nomen
1056 1038 1308 1109 minoriS,
1338 1038 1486 1110 quod
1515 1039 1635 1095 sine
1662 1038 1847 1096 deter-

242 1133 550 1190 minatione
591 1133 820 1201 dictum‚
852 1136 1002 1192 omni
1043 1134 1255 1192 homini
1296 1135 1351 1192 te
1394 1136 1711 1193 substernit
1734 1136 1844 1210 (2).

403 1230 611 1298 Quinto
653 1231 883 1289 docetur
924 1233 981 1288 in
1023 1232 1212 1289 eadem
1258 1233 1457 1304 regula
1494 1232 1846 1304 simplicitas

231 1327 503 1399 pacifica,
556 1330 775 1385 nullum
833 1330 1002 1387 verbo
1058 1330 1147 1386 vel
1198 1329 1347 1387 facto
1401 1331 1648 1398 laedenS‚
1700 1331 1845 1388 nulli

240 1425 452 1483 malum
497 1444 599 1498 pro
642 1428 791 1485 malo
834 1428 1165 1499 rependens
1208 1444 1426 1485 omnem
1485 1429 1690 1486 saeculi
1748 1430 1845 1485 im-

238 1525 599 1595 plicationem
659 1527 958 1598 repellenS,
1015 1526 1357 1585 evectionem
1400 1527 1493 1583 vix
1534 1526 1844 1584 admittens

239 1622 297 1679 et
340 1623 492 1690 mala
531 1624 848 1681 evenientia
891 1624 1126 1682 studens
1170 1624 1315 1682 sicut
1357 1626 1531 1682 missa
1571 1625 1844 1682 divinitus

239 1719 502 1777 tolerare.
561 1720 717 1789 Quod
774 1722 1002 1779 sanctae
1059 1722 1414 1795 simplicitati
1473 1739 1673 1794 parum
1736 1723 1841 1791 est,

237 1819 347 1874 nisi
391 1818 620 1875 studeat
659 1820 1038 1891 gravantibus
1078 1821 1327 1892 gratiam
1370 1821 1690 1892 impendere
1726 1837 1844 1878 eos-

236 1931 343 1988 que
385 1932 450 1972 ex
492 1916 655 1973 corde
695 1917 928 1989 diligere
971 1918 1030 1973 et
1070 1917 1423 1975 dilectionem
1466 1917 1615 1976 facto
1658 1920 1842 1991 signo·
1940 1920 1945 1925 ’

236 2031 344 2087 que
394 2014 688 2071 ostendere
743 2013 802 2072 et
856 2031 958 2087 pro
1015 2015 1538 2088 transgressoribus
1592 2032 1841 2074 exorare.

238 2112 329 2171 Ad
371 2111 517 2169 hane
571 2113 817 2184 pertinet
871 2112 1011 2169 nihil
1066 2114 1209 2182 leve,
1265 2112 1406 2170 nihil
1462 2114 1840 2186 impetuosum

236 2210 418 2268 dicere
459 2209 562 2267 aut
601 2209 799 2278 facere,
857 2211 953 2268 sed
1014 2211 1288 2268 indivisae
1340 2211 1526 2269 studio
1580 2212 1841 2270 intentio-

234 2310 326 2366 nis
367 2324 634 2381 quaerere
675 2310 916 2381 gloriam
959 2309 1351 2382 Redemptoris
1381 2309 1491 2383 (3).

367 2512 412 2571 1)
449 2512 547 2559 Cfr.
584 2514 834 2571 Bernard.‚
881 2513 1037 2560 Serm.
1079 2513 1134 2559 16
1168 2512 1219 2559 in
1253 2512 1413 2571 Cant.‚
1450 2526 1499 2559 n.
1539 2513 1613 2559 10.
1639 2540 1700 2547 -
1727 2512 1840 2560 Vide

238 2593 438 2650 Bonav„
474 2594 546 2639 De
572 2595 786 2652 perfect.
822 2594 954 2650 vitae
986 2594 1052 2639 ad
1081 2607 1265 2651 soror„
1300 2606 1341 2639 e.
1375 2594 1405 2638 2
1439 2606 1487 2639 n.
1529 2594 1571 2639 1.

363 2673 412 2730 2)
449 2672 547 2719 Cfr.
585 2674 784 2731 Bonav„
821 2673 1010 2732 Expos.
1043 2688 1160 2732 sup.
1195 2673 1357 2732 requi.
1385 2674 1444 2719 F.
1469 2673 1559 2731 M„
1586 2688 1626 2720 c.
1659 2673 1681 2719 1
1717 2688 1765 2720 n.
1791 2674 1838 2721 2.

236 2755 286 2800 et
320 2767 362 2799 c.
399 2753 428 2798 4
462 2768 510 2801 n.
551 2754 634 2809 12;
672 2755 836 2812 Epist.
873 2756 932 2800 de
965 2754 1125 2799 XXV
1151 2755 1447 2810 memorial„
1493 2768 1541 2801 n.
1581 2756 1606 2799 7
1641 2767 1712 2811 sq.

364 2836 412 2893 3)
449 2834 546 2881 Cfr.
584 2835 783 2892 Bonav„
810 2836 998 2893 Expoe.
1033 2850 1148 2893 sup.
1172 2836 1334 2893 requi.
1360 2836 1419 2881 F.
1448 2835 1538 2893 M„
1564 2849 1605 2882 c.
1632 2835 1661 2881 3
1682 2849 1731 2882 n.
1763 2835 1836 2893 12,

236 2919 287 2965 et
321 2916 490 2962 Sermo
520 2930 636 2974 sup.
675 2916 855 2974 reyul„
890 2929 939 2962 n.
974 2915 1004 2961 9
1037 2917 1087 2962 et
1121 2916 1198 2963 32.
