<?xml version="1.0" encoding="UTF-8"?>
<!DOCTYPE html PUBLIC "-//W3C//DTD XHTML 1.0 Transitional//EN"
    "http://www.w3.org/TR/xhtml1/DTD/xhtml1-transitional.dtd">
<html xmlns="http://www.w3.org/1999/xhtml" xml:lang="en" lang="en">
 <head>
  <title>
</title>
<meta http-equiv="Content-Type" content="text/html;charset=utf-8" />
  <meta name='ocr-system' content='tesseract 3.04.00' />
  <meta name='ocr-capabilities' content='ocr_page ocr_carea ocr_par ocr_line ocrx_word'/>
</head>
<body>
  <div class='ocr_page' id='page_1' title='image "bibliothecafran00romgoog_0087.png"; bbox 0 0 2284 3484; ppageno 0'>
   <div class='ocr_carea' id='block_1_1' title="bbox 470 1010 740 1110">
    <p class='ocr_par' dir='ltr' id='par_1_1' title="bbox 470 1010 740 1110">
     <span class='ocr_line' id='line_1_1' title="bbox 470 1010 740 1110; baseline 0 0"><span class='ocrx_word' id='word_1_1' title='bbox 470 1010 590 1110; x_wconf 63' lang='lat' dir='ltr'>gupa</span> <span class='ocrx_word' id='word_1_2' title='bbox 616 1010 740 1110; x_wconf 57' lang='lat' dir='ltr'>ffl-</span> 
     </span>
    </p>
   </div>
   <div class='ocr_carea' id='block_1_2' title="bbox 239 1221 971 1298">
    <p class='ocr_par' dir='ltr' id='par_1_2' title="bbox 239 1221 971 1298">
     <span class='ocr_line' id='line_1_2' title="bbox 239 1221 971 1298; baseline -0.005 -13"><span class='ocrx_word' id='word_1_3' title='bbox 239 1223 370 1298; x_wconf 77' lang='lat' dir='ltr'>Qnooatio</span> <span class='ocrx_word' id='word_1_4' title='bbox 389 1224 480 1284; x_wconf 81' lang='lat' dir='ltr'>camis</span> <span class='ocrx_word' id='word_1_5' title='bbox 499 1223 537 1284; x_wconf 72' lang='lat' dir='ltr'>ad</span> <span class='ocrx_word' id='word_1_6' title='bbox 555 1224 647 1284; x_wconf 88' lang='lat' dir='ltr'>Deum</span> <span class='ocrx_word' id='word_1_7' title='bbox 666 1223 778 1284; x_wconf 83' lang='lat' dir='ltr'>Patrem</span> <span class='ocrx_word' id='word_1_8' title='bbox 798 1221 833 1282; x_wconf 82' lang='lat' dir='ltr'>de</span> <span class='ocrx_word' id='word_1_9' title='bbox 853 1221 971 1282; x_wconf 82' lang='lat' dir='ltr'>(lhristo.</span> 
     </span>
    </p>
   </div>
   <div class='ocr_carea' id='block_1_3' title="bbox 205 1429 1009 2976">
    <p class='ocr_par' dir='ltr' id='par_1_3' title="bbox 206 1429 1007 1691">
     <span class='ocr_line' id='line_1_3' title="bbox 286 1429 1006 1502; baseline -0.006 -14"><span class='ocrx_word' id='word_1_10' title='bbox 286 1431 406 1488; x_wconf 78' lang='lat' dir='ltr'>carnem</span> <span class='ocrx_word' id='word_1_11' title='bbox 419 1432 519 1489; x_wconf 84' lang='lat' dir='ltr'>contro</span> <span class='ocrx_word' id='word_1_12' title='bbox 531 1432 664 1502; x_wconf 87' lang='lat' dir='ltr'>spiritum</span> <span class='ocrx_word' id='word_1_13' title='bbox 680 1447 730 1502; x_wconf 87' lang='lat' dir='ltr'>per</span> <span class='ocrx_word' id='word_1_14' title='bbox 743 1429 1006 1500; x_wconf 88' lang='lat' dir='ltr'>contemplationem</span> 
     </span>
     <span class='ocr_line' id='line_1_4' title="bbox 206 1525 1007 1602; baseline -0.004 -18"><span class='ocrx_word' id='word_1_15' title='bbox 206 1529 347 1586; x_wconf 83' lang='lat' dir='ltr'>clevatum</span> <span class='ocrx_word' id='word_1_16' title='bbox 368 1530 593 1602; x_wconf 74' lang='lat' dir='ltr'>conquerentem,</span> <span class='ocrx_word' id='word_1_17' title='bbox 607 1530 692 1586; x_wconf 92' lang='lat' dir='ltr'>immo</span> <span class='ocrx_word' id='word_1_18' title='bbox 707 1529 800 1600; x_wconf 90' lang='lat' dir='ltr'>potius</span> <span class='ocrx_word' id='word_1_19' title='bbox 814 1527 912 1585; x_wconf 88' lang='lat' dir='ltr'>contra</span> <span class='ocrx_word' id='word_1_20' title='bbox 927 1525 1007 1583; x_wconf 80' lang='lat' dir='ltr'>chri-</span> 
     </span>
     <span class='ocr_line' id='line_1_5' title="bbox 206 1625 777 1691; baseline -0.002 -9"><span class='ocrx_word' id='word_1_21' title='bbox 206 1625 283 1683; x_wconf 88' lang='lat' dir='ltr'>stum</span> <span class='ocrx_word' id='word_1_22' title='bbox 303 1628 427 1684; x_wconf 88' lang='lat' dir='ltr'>animam</span> <span class='ocrx_word' id='word_1_23' title='bbox 448 1627 616 1691; x_wconf 75' lang='lat' dir='ltr'>elevantem,</span> <span class='ocrx_word' id='word_1_24' title='bbox 637 1625 777 1683; x_wconf 88' lang='lat' dir='ltr'>ausculta.</span> 
     </span>
    </p>

    <p class='ocr_par' dir='ltr' id='par_1_4' title="bbox 205 1723 1009 2976">
     <span class='ocr_line' id='line_1_6' title="bbox 286 1723 1008 1796; baseline -0.006 -15"><span class='ocrx_word' id='word_1_25' title='bbox 286 1724 387 1796; x_wconf 86' lang='lat' dir='ltr'>Inquit</span> <span class='ocrx_word' id='word_1_26' title='bbox 405 1740 486 1782; x_wconf 85' lang='lat' dir='ltr'>caro:</span> <span class='ocrx_word' id='word_1_27' title='bbox 508 1723 570 1781; x_wconf 82' lang='lat' dir='ltr'>Tibi</span> <span class='ocrx_word' id='word_1_28' title='bbox 592 1724 650 1782; x_wconf 85' lang='lat' dir='ltr'>Deo</span> <span class='ocrx_word' id='word_1_29' title='bbox 671 1723 752 1780; x_wconf 90' lang='lat' dir='ltr'>Patri</span> <span class='ocrx_word' id='word_1_30' title='bbox 772 1723 847 1780; x_wconf 91' lang='lat' dir='ltr'>iusto</span> <span class='ocrx_word' id='word_1_31' title='bbox 868 1739 901 1779; x_wconf 86' lang='lat' dir='ltr'>ac</span> <span class='ocrx_word' id='word_1_32' title='bbox 926 1723 1008 1778; x_wconf 82' lang='lat' dir='ltr'>mise-</span> 
     </span>
     <span class='ocr_line' id='line_1_7' title="bbox 207 1821 1007 1893; baseline -0.004 -15"><span class='ocrx_word' id='word_1_33' title='bbox 207 1823 341 1880; x_wconf 87' lang='lat' dir='ltr'>ricordiae</span> <span class='ocrx_word' id='word_1_34' title='bbox 362 1823 490 1880; x_wconf 84' lang='lat' dir='ltr'>infinitae</span> <span class='ocrx_word' id='word_1_35' title='bbox 509 1823 544 1879; x_wconf 85' lang='lat' dir='ltr'>de</span> <span class='ocrx_word' id='word_1_36' title='bbox 564 1823 614 1879; x_wconf 93' lang='lat' dir='ltr'>tuo</span> <span class='ocrx_word' id='word_1_37' title='bbox 635 1823 707 1880; x_wconf 85' lang='lat' dir='ltr'>Filio</span> <span class='ocrx_word' id='word_1_38' title='bbox 726 1836 889 1893; x_wconf 89' lang='lat' dir='ltr'>conqueror,</span> <span class='ocrx_word' id='word_1_39' title='bbox 904 1821 937 1876; x_wconf 94' lang='lat' dir='ltr'>ut</span> <span class='ocrx_word' id='word_1_40' title='bbox 958 1821 1007 1876; x_wconf 87' lang='lat' dir='ltr'>tna</span> 
     </span>
     <span class='ocr_line' id='line_1_8' title="bbox 206 1918 1008 1978; baseline -0.002 -3"><span class='ocrx_word' id='word_1_41' title='bbox 206 1920 318 1977; x_wconf 87' lang='lat' dir='ltr'>institia</span> <span class='ocrx_word' id='word_1_42' title='bbox 339 1920 496 1978; x_wconf 86' lang='lat' dir='ltr'>consideret</span> <span class='ocrx_word' id='word_1_43' title='bbox 509 1921 672 1978; x_wconf 86' lang='lat' dir='ltr'>violentiam</span> <span class='ocrx_word' id='word_1_44' title='bbox 695 1920 762 1976; x_wconf 88' lang='lat' dir='ltr'>mihi</span> <span class='ocrx_word' id='word_1_45' title='bbox 783 1919 885 1978; x_wconf 87' lang='lat' dir='ltr'>factam</span> <span class='ocrx_word' id='word_1_46' title='bbox 908 1918 937 1975; x_wconf 85' lang='lat' dir='ltr'>ct</span> <span class='ocrx_word' id='word_1_47' title='bbox 957 1920 1008 1974; x_wconf 85' lang='lat' dir='ltr'>tna</span> 
     </span>
     <span class='ocr_line' id='line_1_9' title="bbox 207 2015 1007 2077; baseline -0.004 -3"><span class='ocrx_word' id='word_1_48' title='bbox 207 2018 399 2077; x_wconf 88' lang='lat' dir='ltr'>misericordia</span> <span class='ocrx_word' id='word_1_49' title='bbox 411 2036 489 2076; x_wconf 87' lang='lat' dir='ltr'>meae</span> <span class='ocrx_word' id='word_1_50' title='bbox 504 2020 633 2076; x_wconf 88' lang='lat' dir='ltr'>miseriae</span> <span class='ocrx_word' id='word_1_51' title='bbox 647 2017 859 2076; x_wconf 83' lang='lat' dir='ltr'>coridescendat.</span> <span class='ocrx_word' id='word_1_52' title='bbox 872 2017 926 2074; x_wconf 81' lang='lat' dir='ltr'>lile</span> <span class='ocrx_word' id='word_1_53' title='bbox 940 2015 1007 2072; x_wconf 87' lang='lat' dir='ltr'>tuus</span> 
     </span>
     <span class='ocr_line' id='line_1_10' title="bbox 207 2116 1009 2189; baseline -0.004 -16"><span class='ocrx_word' id='word_1_54' title='bbox 207 2116 297 2173; x_wconf 84' lang='lat' dir='ltr'>Filius</span> <span class='ocrx_word' id='word_1_55' title='bbox 319 2117 420 2189; x_wconf 85' lang='lat' dir='ltr'>plenus</span> <span class='ocrx_word' id='word_1_56' title='bbox 451 2118 592 2188; x_wconf 87' lang='lat' dir='ltr'>sapientia</span> <span class='ocrx_word' id='word_1_57' title='bbox 619 2119 649 2174; x_wconf 85' lang='lat' dir='ltr'>et</span> <span class='ocrx_word' id='word_1_58' title='bbox 676 2117 784 2174; x_wconf 84' lang='lat' dir='ltr'>virtute</span> <span class='ocrx_word' id='word_1_59' title='bbox 810 2133 853 2174; x_wconf 89' lang='lat' dir='ltr'>me</span> <span class='ocrx_word' id='word_1_60' title='bbox 882 2131 938 2172; x_wconf 87' lang='lat' dir='ltr'>sua·</span> <span class='ocrx_word' id='word_1_61' title='bbox 962 2131 1009 2171; x_wconf 88' lang='lat' dir='ltr'>sa-</span> 
     </span>
     <span class='ocr_line' id='line_1_11' title="bbox 206 2212 1005 2287; baseline -0.004 -16"><span class='ocrx_word' id='word_1_62' title='bbox 206 2216 313 2287; x_wconf 88' lang='lat' dir='ltr'>pientia</span> <span class='ocrx_word' id='word_1_63' title='bbox 327 2216 512 2272; x_wconf 80' lang='lat' dir='ltr'>circumuenit</span> <span class='ocrx_word' id='word_1_64' title='bbox 524 2216 554 2272; x_wconf 89' lang='lat' dir='ltr'>ct</span> <span class='ocrx_word' id='word_1_65' title='bbox 574 2231 626 2272; x_wconf 89' lang='lat' dir='ltr'>sua</span> <span class='ocrx_word' id='word_1_66' title='bbox 640 2215 747 2272; x_wconf 84' lang='lat' dir='ltr'>virtute</span> <span class='ocrx_word' id='word_1_67' title='bbox 761 2215 922 2272; x_wconf 81' lang='lat' dir='ltr'>violentiam</span> <span class='ocrx_word' id='word_1_68' title='bbox 938 2212 1005 2270; x_wconf 88' lang='lat' dir='ltr'>mihi</span> 
     </span>
     <span class='ocr_line' id='line_1_12' title="bbox 205 2312 1007 2386; baseline -0.002 -16"><span class='ocrx_word' id='word_1_69' title='bbox 205 2313 283 2370; x_wconf 84' lang='lat' dir='ltr'>fecit.</span> <span class='ocrx_word' id='word_1_70' title='bbox 303 2314 358 2371; x_wconf 90' lang='lat' dir='ltr'>Ille</span> <span class='ocrx_word' id='word_1_71' title='bbox 379 2314 447 2371; x_wconf 91' lang='lat' dir='ltr'>tuns</span> <span class='ocrx_word' id='word_1_72' title='bbox 466 2314 558 2371; x_wconf 85' lang='lat' dir='ltr'>Filius</span> <span class='ocrx_word' id='word_1_73' title='bbox 579 2331 631 2371; x_wconf 88' lang='lat' dir='ltr'>sna</span> <span class='ocrx_word' id='word_1_74' title='bbox 652 2313 792 2386; x_wconf 73' lang='lat' dir='ltr'>sapientia</span> <span class='ocrx_word' id='word_1_75' title='bbox 807 2331 836 2370; x_wconf 90' lang='lat' dir='ltr'>se</span> <span class='ocrx_word' id='word_1_76' title='bbox 850 2312 902 2370; x_wconf 89' lang='lat' dir='ltr'>sub</span> <span class='ocrx_word' id='word_1_77' title='bbox 923 2329 1007 2368; x_wconf 88' lang='lat' dir='ltr'>carne</span> 
     </span>
     <span class='ocr_line' id='line_1_13' title="bbox 205 2411 1007 2470; baseline -0.001 -3"><span class='ocrx_word' id='word_1_78' title='bbox 205 2411 273 2468; x_wconf 90' lang='lat' dir='ltr'>mihi</span> <span class='ocrx_word' id='word_1_79' title='bbox 295 2413 380 2469; x_wconf 82' lang='lat' dir='ltr'>simili</span> <span class='ocrx_word' id='word_1_80' title='bbox 402 2412 555 2470; x_wconf 80' lang='lat' dir='ltr'>occultavit</span> <span class='ocrx_word' id='word_1_81' title='bbox 575 2413 660 2469; x_wconf 88' lang='lat' dir='ltr'>acad</span> <span class='ocrx_word' id='word_1_82' title='bbox 675 2430 718 2470; x_wconf 88' lang='lat' dir='ltr'>me</span> <span class='ocrx_word' id='word_1_83' title='bbox 739 2411 899 2470; x_wconf 86' lang='lat' dir='ltr'>hnmilitate</span> <span class='ocrx_word' id='word_1_84' title='bbox 921 2411 1007 2468; x_wconf 89' lang='lat' dir='ltr'>nimia</span> 
     </span>
     <span class='ocr_line' id='line_1_14' title="bbox 206 2508 1006 2582; baseline -0.004 -16"><span class='ocrx_word' id='word_1_85' title='bbox 206 2511 236 2566; x_wconf 88' lang='lat' dir='ltr'>et</span> <span class='ocrx_word' id='word_1_86' title='bbox 271 2510 445 2582; x_wconf 71' lang='lat' dir='ltr'>benignitate</span> <span class='ocrx_word' id='word_1_87' title='bbox 479 2510 663 2567; x_wconf 88' lang='lat' dir='ltr'>inenarrabili</span> <span class='ocrx_word' id='word_1_88' title='bbox 694 2510 794 2566; x_wconf 88' lang='lat' dir='ltr'>callido</span> <span class='ocrx_word' id='word_1_89' title='bbox 825 2508 1006 2566; x_wconf 81' lang='lat' dir='ltr'>subintravit.</span> 
     </span>
     <span class='ocr_line' id='line_1_15' title="bbox 205 2605 1005 2680; baseline -0.003 -16"><span class='ocrx_word' id='word_1_90' title='bbox 205 2605 341 2664; x_wconf 90' lang='lat' dir='ltr'>Omnibus</span> <span class='ocrx_word' id='word_1_91' title='bbox 352 2608 697 2676; x_wconf 80' lang='lat' dir='ltr'>fuithumilior‚01nnibns</span> <span class='ocrx_word' id='word_1_92' title='bbox 707 2607 873 2680; x_wconf 88' lang='lat' dir='ltr'>despectior,</span> <span class='ocrx_word' id='word_1_93' title='bbox 884 2608 1005 2665; x_wconf 90' lang='lat' dir='ltr'>omnium</span> 
     </span>
     <span class='ocr_line' id='line_1_16' title="bbox 206 2705 1008 2776; baseline 0.002 -16"><span class='ocrx_word' id='word_1_94' title='bbox 206 2706 388 2763; x_wconf 83' lang='lat' dir='ltr'>necessitates</span> <span class='ocrx_word' id='word_1_95' title='bbox 408 2707 545 2764; x_wconf 85' lang='lat' dir='ltr'>assumsit</span> <span class='ocrx_word' id='word_1_96' title='bbox 558 2707 588 2763; x_wconf 91' lang='lat' dir='ltr'>et</span> <span class='ocrx_word' id='word_1_97' title='bbox 602 2707 724 2764; x_wconf 89' lang='lat' dir='ltr'>omnium</span> <span class='ocrx_word' id='word_1_98' title='bbox 747 2705 928 2763; x_wconf 87' lang='lat' dir='ltr'>infirmitates</span> <span class='ocrx_word' id='word_1_99' title='bbox 942 2721 1008 2776; x_wconf 89' lang='lat' dir='ltr'>por-</span> 
     </span>
     <span class='ocr_line' id='line_1_17' title="bbox 206 2801 1006 2874; baseline 0 -15"><span class='ocrx_word' id='word_1_100' title='bbox 206 2801 289 2870; x_wconf 87' lang='lat' dir='ltr'>tavit,</span> <span class='ocrx_word' id='word_1_101' title='bbox 311 2820 362 2874; x_wconf 93' lang='lat' dir='ltr'>pro</span> <span class='ocrx_word' id='word_1_102' title='bbox 382 2805 512 2862; x_wconf 89' lang='lat' dir='ltr'>omnibns</span> <span class='ocrx_word' id='word_1_103' title='bbox 540 2805 733 2862; x_wconf 84' lang='lat' dir='ltr'>crudelissime</span> <span class='ocrx_word' id='word_1_104' title='bbox 760 2804 851 2862; x_wconf 81' lang='lat' dir='ltr'>uoluit</span> <span class='ocrx_word' id='word_1_105' title='bbox 871 2802 1006 2874; x_wconf 87' lang='lat' dir='ltr'>crucifigi,</span> 
     </span>
     <span class='ocr_line' id='line_1_18' title="bbox 206 2903 1006 2976; baseline 0.001 -18"><span class='ocrx_word' id='word_1_106' title='bbox 206 2903 264 2958; x_wconf 89' lang='lat' dir='ltr'>tam</span> <span class='ocrx_word' id='word_1_107' title='bbox 285 2904 477 2974; x_wconf 84' lang='lat' dir='ltr'>compassione</span> <span class='ocrx_word' id='word_1_108' title='bbox 499 2919 584 2974; x_wconf 84' lang='lat' dir='ltr'>qnam</span> <span class='ocrx_word' id='word_1_109' title='bbox 609 2905 740 2975; x_wconf 88' lang='lat' dir='ltr'>passione</span> <span class='ocrx_word' id='word_1_110' title='bbox 766 2904 934 2976; x_wconf 80' lang='lat' dir='ltr'>gravissime</span> <span class='ocrx_word' id='word_1_111' title='bbox 962 2917 1006 2959; x_wconf 82' lang='lat' dir='ltr'>vo·</span> 
     </span>
    </p>
   </div>
   <div class='ocr_carea' id='block_1_4' title="bbox 0 0 1146 3484">
    <p class='ocr_par' dir='ltr' id='par_1_5' title="bbox 0 0 1146 3484">
     <span class='ocr_line' id='line_1_19' title="bbox 0 0 1146 3484; baseline 0 0"><span class='ocrx_word' id='word_1_112' title='bbox 0 0 1146 3484; x_wconf 95' lang='lat' dir='ltr'> </span> 
     </span>
    </p>
   </div>
  </div>
 </body>
</html>
