2284 3484
230 207 269 264 68
495 222 635 264 sumuuus
656 221 770 264 emonis.

229 413 258 469 in
280 429 364 470 earne
384 411 508 470 existens
527 429 640 470 earnem
669 411 771 470 afflixit
797 411 826 469 et
847 413 921 470 ornei
942 411 1032 469 affixit
1120 467 1124 485 1

228 526 262 568 ac
275 511 401 568 earnalia
414 510 592 582 contempsit,
614 510 643 567 et
662 511 756 568 anima
771 511 830 568 eius
851 525 961 581 semper
975 509 1032 567 Deo
1121 496 1125 540 '³

229 607 312 665 Patri
341 608 478 677 adhaesit,
503 610 544 666 sio
575 608 657 666 homo
684 625 796 666 earnem
824 606 975 666 mortificet
1004 606 1033 664 et
1124 630 1125 634 ¹

229 721 340 777 semper
360 723 389 764 se
410 706 502 780 erigat
522 706 558 764 ad
578 706 683 763 diuina.
903 784 906 789 Ι

309 801 333 860 Ο
355 803 493 862 mirabilis
512 803 632 861 caesitas
646 803 782 862 hominist
804 803 860 875 qui,
883 819 946 860 eum
967 817 1034 860 con-

230 900 316 958 sistat
342 918 376 958 ex
402 903 497 959 anima
524 901 554 959 et
581 918 674 970 earne,
703 901 732 959 et
759 901 853 959 anima
874 901 935 957 sine
961 916 1033 958 oom-
1126 889 1127 902 ¹

229 999 377 1071 paratione
398 1000 436 1057 sit
456 999 576 1058 nobilior
596 1016 689 1068 earne,
713 999 804 1057 totum
819 998 930 1070 tempus
950 1013 1032 1056 suum

229 1097 361 1169 expendit
390 1099 420 1155 in
450 1099 608 1170 provisione
636 1098 729 1154 earnis
750 1097 808 1154 sive
833 1098 862 1152 in
883 1095 937 1164 his,
960 1112 1032 1168 quae

229 1210 294 1253 earo
309 1193 437 1267 requirit,
453 1195 482 1251 et
501 1196 625 1252 animam
641 1211 720 1252 suam
736 1192 866 1266 negligit,
886 1194 944 1250 acsi
958 1192 1030 1250 nihil

229 1293 320 1361 esset3
342 1309 393 1350 neo
413 1293 504 1364 ipsam
526 1309 641 1364 pascere
662 1309 712 1350 neo
739 1293 829 1376 ipsam
851 1291 962 1349 nutrire
983 1307 1034 1348 neo

228 1391 258 1447 in
279 1389 480 1448 summobono
501 1390 628 1462 quietare
650 1387 754 1457 studet,
779 1406 840 1446 oum
862 1387 958 1446 tamen
980 1388 1032 1447 hoo

228 1489 328 1554 leuius,
349 1487 402 1546 boo
422 1489 538 1544 suavius
558 1487 787 1546 delectabiliusve
808 1488 867 1544 sine
888 1503 1031 1559 compara·

228 1584 304 1643 tione
324 1585 421 1657 aliqua
442 1585 538 1642 ualeat
550 1586 708 1657 impetrari.
724 1584 831 1656 Ubique
852 1585 971 1641 enimse
993 1583 1030 1642 of·

228 1681 285 1739 fert
304 1682 410 1741 homini
431 1682 507 1740 Deus
529 1683 557 1740 et
572 1685 616 1740 sui
636 1684 735 1754 ipsius,
750 1683 805 1740 nisi
820 1681 939 1740 mortem
954 1681 1031 1749 Filii,

228 1780 352 1852 pretinm
373 1796 429 1838 nou
458 1780 586 1852 requirit.
609 1780 773 1853 corporalia
794 1780 888 1838 autem
919 1795 1031 1852 semper

227 1877 344 1950 fugiunt
374 1894 424 1935 neo
455 1894 517 1936 eum
549 1880 626 1937 omni
657 1878 843 1937 sollieitudine
874 1877 903 1934 et
933 1877 1030 1935 labore

227 1974 257 2032 et
273 1974 416 2033 anxietate
437 1976 558 2047 possunt
572 1976 654 2048 piene
670 1975 806 2047 possideri
826 1975 862 2032 ab
883 1975 978 2046 aliquo
1000 1975 1029 2032 iu

227 2072 280 2130 hoo
300 2073 414 2142 mundo,
429 2074 484 2130 nisi
499 2073 620 2131 fortasse
633 2074 767 2143 dicamne,
782 2073 855 2145 quod
876 2073 924 2130 ille
945 2073 1028 2145 plene

229 2169 363 2241 possidet,
385 2171 432 2242 qui
461 2171 554 2229 omnia
575 2171 656 2242 plene
684 2169 847 2228 contemnit.
875 2171 927 2228 Sed
955 2170 1030 2242 quod

228 2267 320 2339 magis
340 2267 477 2336 mirabile,
498 2267 635 2340 estquod
656 2267 708 2326 hoo
727 2267 780 2326 sibi
801 2267 870 2325 facit
894 2269 989 2324 anima
1010 2284 1028 2324 a

227 2381 311 2422 earne
332 2364 541 2436 aliquantulum
563 2365 708 2434 inclinata,
727 2381 783 2423 non
804 2365 899 2424 tamen
921 2364 1029 2423 ooaota.

228 2462 304 2519 Nem
325 2461 486 2520 voluntarie
513 2462 610 2520 subdit
630 2479 658 2520 se
679 2464 757 2520 oerni
781 2463 809 2520 et
830 2463 923 2520 earnis
944 2462 1029 2520 bene-

145 2592 148 2595 ·
229 2559 335 2631 placita
355 2560 459 2616 nititur
479 2559 633 2631 adimplere
657 2560 685 2618 et
710 2559 768 2619 Deo
789 2576 839 2618 suo
860 2577 889 2617 se
909 2559 1028 2616 subdere

227 2674 290 2715 oum
320 2659 396 2715 omui
426 2657 630 2726 exhortatione,
651 2657 847 2716 beneficiorum
868 2657 1028 2726 collatione,

226 2754 340 2812 interna
354 2755 539 2827 inspiratione
550 2755 719 2826 contemnit3
734 2756 805 2812 etin
820 2756 934 2828 proprio
945 2755 1027 2825 bono,

227 2853 255 2910 id
270 2851 336 2912 est
328 2869 356 2910 rn
372 2854 487 2925 propria
501 2869 519 2910 u
521 2853 612 2943 tilitat
613 2870 636 2924 e,
651 2853 703 2912 Dei
716 2870 773 2912 uon
786 2853 851 2912 uult
870 2853 961 2912 faeere
982 2869 1028 2912 uo·

832 3362 1125 3450 ‚affl
