2284 3484
243 212 301 272 142
384 198 527 275 susumus
547 230 758 274 eunomianae
776 229 905 273 unacco.

241 423 302 481 ane
328 421 536 495 imperfectione
563 439 597 479 ex
623 422 708 479 simili
734 420 948 480 circumstantia
978 420 1040 477 fieri

242 522 371 593 possunt,
385 520 530 579 humiliter
544 538 574 579 se
587 521 765 580 conformans
779 518 835 594 (1).
854 518 942 577 Scivit
953 519 1038 586 euim,

240 618 353 677 futuros
372 635 433 677 esse
447 618 603 677 haereticos
622 619 728 677 cibaria
747 617 905 676 huiusmodi
924 616 1039 674 damna·

240 718 331 785 turos,
352 716 455 790 quibus
473 716 643 775 infirmiores
663 716 847 779 communiter
864 716 1038 783 recreantur,

240 816 383 874 etidcirco
404 832 459 873 usu
479 832 530 874 suo
544 833 628 873 usum
649 816 749 873 talium
769 832 830 874 esse
850 815 958 872 licitum
971 830 1039 872 eou-
1140 881 1141 886 η

239 913 374 972 firmavit.
394 913 559 973 Praesciens
588 916 712 987 insuper,
741 913 852 972 futuros
870 929 932 971 essa
952 912 1039 986 hypo

239 1012 327 1071 oritas
356 1030 456 1071 carues
483 1014 512 1071 iu
540 1013 646 1070 abditis
669 1012 836 1070 devorantes
867 1012 897 1068 et
926 1011 963 1068 ab
993 1012 1034 1068 eis
1140 1001 1141 1004 '

242 1110 352 1185 publice
373 1112 559 1181 abstinentes,
579 1113 609 1169 in
622 1112 734 1171 deserto
754 1110 921 1184 rigidissimo
951 1109 1038 1167 absti-

239 1210 311 1277 nuit,
345 1210 454 1281 publice
485 1210 645 1269 homiuibus
675 1227 705 1267 se
734 1208 911 1268 conformans
942 1209 971 1266 et
991 1208 1039 1265 da-

238 1324 341 1365 mnans
372 1308 542 1382 hypocrisim
574 1309 717 1366 austeram
744 1305 831 1366 aforis
858 1306 887 1365 et
913 1308 943 1363 iu
969 1306 1037 1364 aba·

238 1405 350 1465 condito
371 1406 519 1465 delicatam
536 1408 592 1481 (2).

318 1504 489 1583 Approbans
517 1506 606 1579 igitur
635 1504 761 1563 auditam
790 1504 960 1563 seuientem
990 1504 1040 1561 Se

239 1601 335 1669 nioris,
356 1602 477 1660 extentis
503 1604 623 1661 ulterius
642 1604 812 1677 aspectibus,
834 1603 923 1674 reperi
950 1602 1039 1659 aliern

242 1699 408 1757 varietatem
429 1702 457 1758 in
480 1700 603 1770 Christo,
629 1701 726 1758 videus
752 1701 855 1773 ipsum,
877 1699 1039 1757 uolentibus

239 1813 300 1853 eum
329 1797 455 1869 lapidare
484 1798 606 1868 Iudaeis,
636 1797 720 1871 fugae
749 1788 910 1856 latibulum⁴
926 1798 1039 1869 quaesi-

238 1895 312 1952 visse
329 1895 383 1969 (3),
405 1896 433 1953 et
453 1896 521 1961 alibi
536 1914 564 1955 se
586 1898 687 1969 sponte
700 1897 892 1956 crucifixorum
908 1896 1039 1954 manibus

238 1992 374 2051 obtulisse
389 1995 450 2067 (4);
472 1995 501 2052 et
520 2012 605 2067 super
619 1994 672 2053 hae
685 1994 824 2053 varietate
837 1995 963 2067 quaesivi
975 2010 1040 2053 cou-

238 2091 332 2148 siiium
354 2091 486 2150 Senioris.
501 2092 554 2161 Qui
575 2110 608 2150 ex
629 2093 772 2165 praedicta
787 2093 917 2149 veritatis
936 2092 1039 2164 regula

238 2188 356 2245 dictavit
380 2189 550 2247 seutentiam
570 2191 704 2249 solidam:
726 2190 819 2257 Nosti,
840 2189 941 2263 iuquit,
963 2190 1039 2263 quod

238 2274 440 2345 infirmioribus
468 2289 559 2347 tutius
587 2291 632 2347 est
654 2290 761 2363 fugere,
788 2306 873 2363 quam
893 2306 924 2347 se
951 2290 1038 2362 agoni

237 2399 374 2455 exponere
402 2384 529 2455 incaute3
550 2403 621 2459 quos
650 2389 679 2444 iu
710 2387 772 2456 hoc,
794 2390 818 2445 si
848 2387 909 2455 fiat,
940 2386 1039 2445 uoluu-

237 2480 312 2538 taria
332 2498 384 2539 sua
404 2482 472 2556 fuga
486 2484 585 2552 voluit,
600 2501 634 2541 ue
648 2485 806 2557 desperent,
821 2485 959 2543 Dominus
972 2500 1040 2543 cou-

238 2598 398 2607 -.--,...

301 2650 324 2709 1)
342 2650 417 2709 Apol.
431 2664 522 2709 paup,
542 2664 563 2697 e.
581 2652 596 2697 5
612 2666 637 2698 n.
654 2653 679 2710 5,
696 2654 711 2699 6
727 2654 752 2699 et
768 2666 789 2699 c.
807 2653 822 2699 6
838 2666 863 2698 u.
880 2651 904 2698 2.

298 2730 323 2789 2]
341 2730 435 2789 Expoa.
452 2745 509 2791 sup.
527 2733 607 2791 repul.
624 2732 719 2789 M,
736 2746 757 2779 o.
774 2733 789 2778 2
806 2746 830 2779 n.
847 2733 887 2779 26.

299 2809 323 2869 8)
340 2809 406 2857 locu.
428 2809 467 2869 lo,
483 2811 521 2859 39.

298 2889 323 2949 4)
340 2890 429 2937 Matth.
447 2891 488 2950 26,
504 2891 548 2947 24;
566 2892 598 2939 Is.
615 2892 655 2951 58,
674 2894 697 2940 7.
