2284 3484
442 297 608 341 ramatum.
897 299 928 339 11

119 489 215 573 pllici,
242 495 338 574 prout
360 488 391 554 in
417 489 499 554 notis
522 488 740 556 indicavimus.
757 489 832 556 ilinc
852 489 928 556 satis

116 595 312 679 explicatur,
336 613 396 662 cur
428 595 537 680 plures
564 594 686 662 codices
715 588 747 662 et
780 602 928 662 auctores

115 703 309 786 opusculum
327 701 385 786 ipsi
403 703 432 767 S.
452 691 690 768 bonaventurae
701 702 927 769 attribuerunt.

209 807 407 894 Opusculum
431 808 495 894 agit
517 808 556 874 de
580 808 781 893 perfectione,
797 809 836 875 de
858 809 928 875 eius

117 914 351 1000 impedimentis
385 921 416 981 et
450 914 489 980 de
514 907 753 999 'complemento
783 915 867 981 illius
896 915 927 980 in

116 1020 393 1105 contemplatione.
417 1021 566 1087 Doctrina
597 1030 646 1087 est
679 1040 755 1088 sana
789 1030 834 1088 et
853 1040 928 1107 pro·

112 1127 226 1207 ¹funda.
253 1129 274 1192 ll
300 1127 431 1194 veritate
464 1128 592 1194 mininie
624 1128 760 1195 alienum
791 1127 966 1206 videtur?

116 1233 236 1318 quod
230 1251 260 1300 in
285 1234 391 1301 codice
416 1235 466 1300 lat.
485 1236 572 1301 ntae
593 1235 799 1302 bibliothecae
823 1237 927 1319 regiae

118 1340 314 1408 Monacensis
337 1341 403 1423 (iol.
426 1341 523 1407 43¹
516 1359 548 1406 in
582 1342 722 1426 margine
749 1339 927 1426 superiore)

117 1447 251 1531 antiqua
276 1465 389 1514 manus
404 1447 537 1514 addidit:
560 1473 576 1505 ι
590 1449 649 1515 lste
666 1449 745 1515 liber
761 1466 831 1514 meo
846 1447 926 1514 iudi-

115 1552 168 1619 cio
185 1545 296 1638 ¹polest
322 1554 423 1620 vocari
449 1555 528 1622 liber
546 1555 627 1620 vitae
650 1562 683 1621 et
705 1554 925 1640 compendium

116 1660 379 1745 cornpendiorurn
393 1661 553 1728 doctrinae
568 1661 665 1728 totius
681 1660 882 1728 beatitudinis
895 1687 924 1724 n.

124 1792 140 1824 r
158 1767 338 1834 Ludovicus
362 1767 562 1834 Granatensis
589 1767 734 1834 eurndenr
760 1767 844 1833 haud
869 1767 926 1833 nri·

117 1891 306 1958 nusquam
339 1875 368 1938 S.
394 1874 557 1959 Augustini
584 1873 808 1940 lledianones
842 1891 926 1940 corn-

118 1980 298 2059 nrendavil3
323 1981 352 2045 S.
377 1981 562 2047 Franciscus
586 1981 723 2047 salesius
747 1981 849 2065 ipsum
873 1998 927 2047 ex·

65 2071 69 2078 ¹
115 2085 380 2153 cellenlissiruum
405 2087 487 2160 dixit
504 2090 551 2170 (li
569 2115 599 2152 ».
625 2088 735 2154 Forma
758 2088 926 2172 aliquando

118 2193 227 2259 minus
251 2194 362 2278 placet,
377 2213 512 2279 eantque
528 2195 714 2272 affectatam,
730 2195 826 2260 inuno
841 2195 924 2260 ordi·

117 2300 241 2366 nariam
268 2301 337 2367 iure
363 2301 504 2373 vocabis;
528 2301 697 2386 aliquando
713 2309 761 2367 est
777 2302 925 2385 pulcber-

117 2407 213 2484 rima,
230 2407 320 2491 plena
345 2408 455 2473 inlirno
476 2408 617 2484 lervore;
636 2408 803 2474 nonnullae
821 2417 926 2493 partes

119 2549 164 2562 -
189 2531 217 2607 e.
234 2533 262 2597 g.
281 2514 448 2580 Meditolr'o
472 2515 507 2580 in
531 2533 712 2599 parasceue
735 2518 773 2595 (c.
795 2516 848 2597 lbi
881 2554 925 2560 —

187 2790 209 2848 ll
228 2788 317 2835 Pelliee
332 2789 356 2835 iu
373 2789 411 2836 ed.
428 2788 504 2836 Paris.
517 2802 611 2848 operum
628 2789 653 2835 S.
666 2790 765 2846 Bnnar„
777 2791 797 2836 t.
811 2790 855 2836 Xll
868 2804 923 2848 pag.

117 2869 208 2923 xdie
227 2869 322 2928 propria
338 2868 429 2926 quidem
451 2869 508 2914 haec
528 2867 641 2915 dixerunt
661 2870 690 2916 da
707 2870 811 2915 Stimulo
827 2869 923 2927 maiora,

114 2947 187 2994 euius
203 2947 323 3007 proprium
340 2949 441 2995 valorem
453 2946 525 2994 elficit
536 2948 657 2994 Stimulae
668 2947 743 2995 nrinor
754 2947 799 3007 ipsi
811 2948 923 2996 insertus.
