2284 3484
242 214 299 273 166
380 232 522 275 ornrrcun
544 231 682 274 raorsars
702 232 757 273 rao
776 231 904 273 numero.

240 438 324 494 quarn
344 421 416 480 ialia
436 422 582 495 discipulis
602 421 758 490 interdixit,
774 424 822 494 qui
839 422 933 493 coepii
945 420 1046 491 facore

239 524 266 577 cl
287 519 483 594 doccrc(1)».
504 521 584 578 Unde
605 537 693 592 supra
709 519 838 577 hobitum
858 520 957 577 estex
978 519 1046 576 Hie

240 635 356 692 rouymo
368 618 426 693 (2):
453 642 467 671 ‹
481 619 546 677 Non
574 618 668 691 poluit
686 617 790 697 habere
811 618 949 677 Dominus
969 618 1047 690 quod

240 717 424 789 prohibuerat
443 719 472 774 in
494 719 585 775 servis
598 740 628 773 ι.
702 773 708 785 ,
736 698 740 705 ’

320 816 380 874 Hoc
393 816 478 873 eiiam
494 816 574 887 paiei
587 816 679 875 Lucae
697 815 713 873 7
726 815 782 890 (3),
803 815 852 873 ubi
867 815 970 873 mulier
984 831 1046 887 pec·

242 912 332 969 cairir
346 914 439 985 coepit
451 915 551 987 ripere
566 902 707 987 iacrymis
718 913 807 985 podas
818 913 945 971 Domini
958 916 988 969 ei
1000 929 1045 969 co-

236 1009 322 1082 pillis
342 1012 448 1082 copitis
473 1012 522 1069 sni
548 1015 656 1084 torpere
685 1014 712 1069 ei
741 1027 850 1085 wopew
875 1013 1046 1084 anamim

241 1108 357 1180 propior
371 1108 444 1180 quod
459 1108 597 1167 Dominus
611 1111 641 1167 in
654 1108 860 1168 excusationem
879 1108 1046 1181 pomairiois

241 1206 269 1262 in
292 1205 471 1277 pharisaeum
492 1206 609 1265 retorsit
629 1207 773 1275 offensam,
787 1208 835 1281 qui
850 1223 961 1279 nquam
980 1207 1045 1264 auis

235 1302 360 1374 pedibus
374 1319 435 1363 oon
452 1304 610 1376 impendii;
630 1322 701 1377 quae
719 1303 881 1377 peccatricis
900 1304 1045 1362 excusatio

241 1403 320 1459 nulla
341 1402 441 1460 fuisset
469 1403 513 1461 vol
540 1403 625 1460 eiiam
651 1403 797 1485 pharisaei¹
816 1404 966 1475 correptio,
989 1403 1045 1459 nisi

240 1501 300 1573 ipse
321 1500 458 1559 Dominus
477 1501 561 1559 nudis
582 1501 699 1573 pedibus
718 1502 879 1560 incessisset
890 1500 947 1575 (4).

321 1598 400 1656 Unde
428 1600 456 1657 ei
483 1599 619 1673 Origenes
639 1600 682 1658 VI
706 1599 929 1658 Ecclesiasticus
957 1599 1046 1657 hislo-

240 1696 304 1753 rioc
316 1696 360 1771 (5)
381 1697 487 1771 legiiur
507 1698 607 1756 multis
626 1699 709 1756 annis
730 1698 813 1755 nudis
832 1698 980 1756 incessisse
1002 1714 1045 1754 ue·
1080 1714 1134 1725 *-

241 1795 344 1868 silgiis,
364 1797 429 1868 quia
450 1797 509 1868 ipse
529 1796 665 1855 Dominus
688 1796 835 1869 discipulis
854 1796 1046 1855 calceamenta

241 1891 364 1949 inhibuit
384 1893 413 1949 oi
434 1910 484 1965 per
504 1909 677 1967 consequens
696 1896 758 1967 ipse
781 1893 856 1953 fecii.
874 1893 960 1961 Item,
979 1892 1047 1951 Gro-

240 1992 337 2063 gorius
359 1990 554 2049 Nazianzenus
576 1992 648 2051 libro
665 1992 711 2051 De
729 1992 964 2050 reconciliatione
983 2009 1045 2048 mo·
1134 1991 1135 2002 ¹

242 2088 331 2147 mooli
342 2088 402 2163 (6):
429 2112 444 2140 α
459 2090 669 2158 Desiderabam‚
684 2090 785 2162 inquii,
799 2090 893 2147 ridere
914 2089 1045 2147 sancium

242 2186 322 2244 illum
344 2186 372 2245 ei
403 2188 573 2259 psallentem
600 2188 725 2257 chorum,
750 2188 797 2261 qui
825 2186 861 2245 ad
886 2187 1045 2260 exemplum

171 2278 174 2289 ’
242 2284 366 2342 melioris
386 2286 461 2343 vitae
479 2286 608 2344 omnibus
623 2286 732 2355 sionni,
747 2288 776 2344 in
794 2286 896 2359 quibus
918 2286 978 2358 ipse
993 2285 1046 2343 ha-

243 2382 319 2441 biins
347 2383 472 2455 praeferi
499 2383 638 2443 viridium
663 2386 795 2460 insignia,
818 2384 902 2457 pedes
926 2384 995 2441 nudi
1016 2384 1046 2441 ei

243 2480 406 2552 aposlolicis
426 2481 532 2539 similes
553 2481 647 2540 eia».

308 2649 330 2707 1)
349 2649 449 2708 Bonan,
467 2649 560 2709 Expone.
579 2664 636 2711 sup.
653 2653 735 2710 repul.
751 2650 782 2698 F.
799 2650 846 2707 M„
863 2651 881 2697 l.
898 2664 920 2697 c.

305 2728 331 2789 2)
348 2728 427 2788 Epist.
444 2730 474 2775 22
491 2744 515 2776 n.
535 2731 573 2777 19.
915 2731 939 2791 3)
957 2731 986 2778 V.
1004 2731 1043 2779 44.

305 2810 331 2868 4)
349 2811 449 2867 Bonan..
467 2812 484 2857 l.
502 2825 523 2859 c.
541 2826 565 2858 n.
586 2811 623 2859 lo.
915 2814 942 2872 5)
960 2812 988 2860 C.
1006 2814 1030 2859 3.

306 2890 331 2949 6)
349 2890 417 2937 Orat.
434 2891 450 2937 c
467 2891 538 2949 (alias
556 2892 605 2951 12).
