2284 3484
250 286 393 333 onumuum
413 288 550 333 ememus
570 288 625 333 euo
646 288 774 333 omnmo.
856 270 915 331 149

118 482 190 539 solet
210 483 240 539 in
261 483 405 555 opulentia
421 481 465 559 (1)
487 483 583 541 mobili
597 483 626 541 ot
639 484 783 556 immobili,
802 485 918 555 propriu

117 580 146 637 et
156 583 295 639 communi
304 598 379 653 quoe
389 598 444 639 suu
455 585 524 640 sunt
534 598 673 653 quaerere
681 583 735 657 (2),
747 583 780 639 ut
790 582 917 654 exempta

117 678 265 737 innumero
286 679 486 749 manifestatum
501 680 613 753 quarto,
635 681 668 738 ut
688 697 796 739 omnem
818 681 918 738 soiiiei-

117 776 242 834 tudinem
269 778 392 835 cordium
425 795 538 837 suorum
571 780 601 836 in
632 779 751 837 Domino
779 778 918 836 iactantes

117 875 207 946 ipsius
228 875 376 933 clementie.
403 864 599 945 nutrirentur3
620 878 728 949 quinto,
749 876 782 933 ut
809 877 915 933 statum

117 974 292 1031 innocentiae
312 975 340 1031 in
363 991 393 1031 se
414 975 593 1043 renovarent,
614 976 643 1033 in
657 991 722 1047 quo,
744 976 768 1031 si
790 974 918 1031 stetisset

117 1070 209 1139 homo,
231 1073 324 1130 omnia
352 1072 473 1130 fuissent
504 1073 670 1141 eommunia,
691 1073 721 1129 et
750 1072 831 1130 nullu
856 1088 918 1144 pro

118 1169 226 1241 pristas
247 1170 393 1229 contracte
408 1170 509 1229 fuisset
523 1171 557 1229 ud
574 1170 784 1229 multitudinem
798 1172 841 1227 voi
858 1187 918 1242 por-

118 1284 233 1337 sonam3
262 1269 349 1337 sexto,
381 1270 414 1326 ut
445 1269 601 1342 exemplum
634 1269 735 1327 darent
757 1268 918 1328 hominibus

119 1365 338 1438 perfectissimae
352 1367 498 1444 largitatis
510 1368 538 1425 et
553 1368 678 1439 pietatis,
691 1368 756 1439 quia
767 1368 840 1425 testo
854 1366 918 1424 Hie-

117 1480 234 1538 ronymo
249 1464 293 1539 (3)
309 1481 390 1523 nemo
404 1465 555 1537 perfectius
577 1467 676 1539 erogat
696 1482 778 1538 quam
795 1466 842 1537 qni
864 1464 916 1522 sibi

116 1562 189 1621 nihii
207 1563 376 1621 reservat».
398 1565 459 1622 Has
486 1564 612 1622 rationes
632 1566 754 1636 reperies
775 1580 793 1621 a
811 1564 918 1621 sanetis

116 1661 195 1719 illius
216 1660 396 1733 perfeetionis
416 1663 594 1735 evangelicae
615 1662 756 1735 assignari
772 1661 826 1735 (4).

197 1759 234 1818 In
254 1761 318 1817 istis
338 1761 432 1818 autem
454 1760 548 1819 verbis
567 1761 671 1818 divinis
685 1761 821 1834 quaedam
836 1759 919 1818 erant

117 1860 310 1931 praeceptorio
330 1860 471 1931 imposita,
487 1859 624 1932 quaedam
647 1860 784 1931 permissa
798 1859 842 1915 vel
857 1874 919 1917 oon·

116 1972 196 2013 cessa
211 1956 266 2032 (5).
280 1956 373 2015 Erant
386 1958 457 2015 enim
474 1957 665 2030 praeceptorie
679 1956 812 2027 imposita
825 1957 918 2013 omnia

117 2055 263 2127 praedicta
285 2042 457 2127 pertinentia
477 2056 511 2112 ad
534 2056 697 2128 pauperiem
726 2053 755 2111 et
781 2052 918 2125 asperita-

116 2153 174 2209 tem
191 2152 245 2227 (6),
266 2170 337 2225 qnae
358 2153 386 2210 et
407 2153 529 2225 apostoli
547 2152 734 2211 servaverunt
751 2152 835 2210 etiam
852 2151 917 2223 post

116 2250 231 2308 Domini
252 2252 426 2323 passionem3
449 2252 522 2309 unde
537 2252 660 2310 Aotuum
681 2250 766 2309 tertio
781 2250 841 2324 (7):
857 2247 915 2307 Ar·

113 2350 234 2422 pentem
254 2352 281 2406 et
299 2367 407 2407 aeorum
420 2367 479 2408 nou
493 2353 535 2409 est
548 2350 631 2422 miti,
646 2348 718 2407 dixit
732 2349 835 2438 Petrus
849 2365 916 2420 pau·

183 2544 205 2601 i)
223 2543 241 2589 L
257 2544 285 2588 in
301 2544 442 2601 affluentia.
711 2542 736 2602 2)
754 2541 816 2588 Phil,
834 2542 858 2599 2,
875 2540 915 2587 21.

180 2623 205 2682 3)
222 2622 300 2683 Epist.
317 2623 347 2669 52
365 2622 436 2682 (alius
452 2624 477 2683 2)
496 2637 520 2669 u.
540 2624 578 2670 16.

179 2702 205 2760 4)
223 2703 322 2760 Bonum,
340 2704 433 2762 Eupoo.
450 2717 507 2762 sup.
524 2705 605 2761 repul.
618 2703 648 2749 F.
660 2702 706 2759 M„
723 2702 772 2749 ot
788 2716 813 2748 u.
829 2702 852 2759 3,
865 2700 915 2759 qui-

114 2783 215 2830 busdem
231 2781 339 2830 mutatis.

180 2862 205 2921 5)
224 2863 323 2921 Bonan,
341 2863 435 2922 Expos.
452 2878 508 2922 sup,
526 2864 606 2921 repul.
623 2864 654 2909 F.
673 2862 719 2919 M„
735 2875 756 2909 e.
774 2861 789 2908 4
805 2876 830 2908 n.
848 2862 872 2909 4.

180 2944 205 3003 6)
224 2944 242 2989 L
259 2944 441 2991 austeritatem.
803 2944 826 3003 7)
845 2944 874 2990 V.
892 2945 916 2992 6.
