2284 3484
449 271 539 312 cauus
561 271 619 312 mx.
877 252 934 312 117

216 461 244 518 Si
265 477 332 534 ergo
354 462 422 519 talis
442 461 487 519 est
507 461 689 520 commutatio
703 461 768 528 ista,
783 477 841 529 cur,
857 477 937 518 servo

135 571 265 627 nequam,
279 554 391 612 infidele
412 556 592 627 mancipium,
607 554 717 613 inutilis
731 555 870 623 creatura,
884 554 937 613 hoc

135 652 290 725 adimplere
311 653 465 711 retardas?
486 652 560 712 (lave
587 654 682 722 etiam,
704 669 739 711 ne
769 652 821 712 hoc
850 652 936 710 adim·

135 751 213 823 plere
235 751 350 809 studeas
370 768 433 809 cunr
449 752 545 824 tepore
570 752 673 824 operis,
692 752 857 826 gravamine
879 767 936 809 cor-

135 848 188 917 dis,
209 849 352 906 anxietate
373 848 504 922 pectoris,
527 848 745 907 insensibilitate
761 847 872 916 mentis,
888 849 936 906 sed

136 947 233 1019 potius
252 964 314 1004 cum
337 950 413 1006 omni
433 948 519 1006 animi
540 947 686 1014 aviditate,
706 945 825 1005 fervoris
847 947 936 1004 inten-
970 944 973 947 ’

135 1045 221 1113 sione,
250 1047 356 1104 amoris
387 1045 587 1113 immensitate,
613 1047 740 1114 maxime,
769 1062 832 1103 cum
864 1045 936 1103 nihil

136 1142 175 1201 sit
195 1143 302 1200 homini
322 1143 431 1210 utilius
452 1143 524 1201 nihil
545 1142 749 1211 delectabilius,
768 1143 839 1200 nihil
861 1143 936 1202 nobi-

135 1242 200 1299 lius.
221 1242 250 1299 si
271 1259 338 1314 ergo
358 1243 387 1299 te
407 1242 499 1314 ipsum
522 1235 681 1299 erueris'et
701 1259 751 1314 per
778 1241 854 1300 huno
881 1258 936 1299 uro·

134 1341 201 1398 dum
222 1342 250 1397 in
274 1340 362 1399 Deum
384 1339 546 1412 intraueris7
567 1354 644 1408 cave,
673 1357 707 1396 no
734 1340 814 1397 extra
841 1341 934 1412 ipsum

134 1440 228 1512 possis
249 1439 329 1497 modo
348 1440 444 1512 aliquo
464 1440 603 1508 inveniri3
618 1439 655 1506 ot,
671 1440 694 1495 si
716 1439 811 1511 aliqua
833 1439 935 1497 mentis

132 1537 302 1595 infirmitate
322 1538 373 1594 aut
393 1539 567 1610 negligentia
589 1539 663 1594 exire
687 1537 847 1610 contigerit,
868 1537 936 1596 illuc

134 1636 233 1693 statim
256 1652 367 1694 recurre
387 1652 450 1694 cum
469 1635 538 1694 fletu
551 1635 581 1693 et
594 1636 744 1708 deprecare
759 1637 934 1708 suppliciter,

133 1734 168 1791 ut
187 1734 239 1791 tibi
259 1733 408 1806 indulgeat
422 1735 451 1792 et
464 1734 598 1807 dignetur
612 1734 640 1792 te
655 1733 806 1807 fugitivum
822 1751 933 1791 servum

134 1834 265 1904 recipere.
288 1831 327 1889 Et
346 1834 416 1890 tunc
436 1847 579 1904 proponas
599 1831 719 1890 tirmiter
733 1833 762 1888 in
776 1832 858 1890 corde
876 1832 934 1899 tuo,

133 1931 177 1988 ne'
189 1931 314 2003 amplius
334 1931 398 1988 inde
418 1947 517 2000 exeas3
538 1947 593 1988 non
617 1930 676 1988 dico
697 1931 801 1999 tamen,
824 1930 857 1987 ut
877 1931 934 1988 tale

135 2030 311 2101 propositum
326 2029 424 2098 facias,
436 2028 469 2086 ut
483 2029 511 2086 te
525 2027 633 2101 obliges
646 2029 681 2085 ad
696 2044 796 2086 novam
812 2029 933 2100 culpam,

76 2114 82 2133 ⁸
133 2128 200 2199 quia
213 2127 331 2200 fragiles
352 2143 449 2185 smnus
470 2128 499 2184 et
520 2126 723 2186 inconstantes.
738 2126 814 2183 Etsi
831 2127 934 2185 millies

134 2225 170 2282 ab
191 2242 223 2284 eo
244 2226 353 2294 exieris,
374 2225 459 2282 toties
479 2225 515 2283 ad
537 2227 631 2297 ipsum
651 2241 789 2283 recurras.

214 2323 323 2395 Regula
344 2323 427 2380 istius
448 2323 566 2394 capituli
594 2323 682 2380 bona:
706 2319 811 2380 Nullus
839 2323 934 2394 potest

134 2420 256 2493 perfecte
276 2437 339 2478 cum
361 2421 418 2478 Deo
440 2422 515 2478 uniri
527 2421 573 2478 uel
594 2437 663 2489 esse,
685 2422 733 2493 qui
754 2421 837 2478 alicui
859 2437 933 2478 crea·

134 2519 222 2586 turae,
236 2518 366 2576 affectum
389 2517 510 2591 ligatum
532 2520 591 2576 sive
612 2519 778 2578 inclinatum
799 2518 894 2576 habet.
