2284 3484
228 282 371 325 crrrroorr
391 282 528 326 PAUPEffls
549 284 608 350 roo¹
624 284 753 325 orricio.
838 266 896 324 179

94 477 172 535 trum
203 477 370 559 receptione,
401 479 462 550 ipse
492 475 537 535 est
556 475 602 551 (1)
634 476 835 550 intelligendus
867 477 897 533 in

93 577 156 649 lege
171 576 216 650 (2)
238 576 267 634 et
287 576 386 649 regula
408 574 581 648 supradicta.
603 574 703 634 Potest
722 573 812 648 igitur
838 575 899 631 sine

94 674 154 732 ullo
185 674 319 746 scrupulo
349 672 472 732 fratrom
503 674 645 731 minorum
675 672 774 745 regula
802 672 900 731 taliter

95 771 251 830 observari.
272 771 361 844 Quod,
383 773 406 829 si
428 772 490 844 quis
511 771 623 837 dixerit,
645 772 738 843 ipsam
759 770 898 843 regulam,

95 850 234 942 quaeest
253 870 439 941 apostolieum
460 869 626 927 mandatum
642 868 698 944 (3),
720 869 827 927 servari
840 883 896 926 non

96 984 180 1041 posse
207 969 267 1026 sine
294 969 419 1037 crimine,
447 968 605 1026 haereticus
626 967 671 1025 est
685 967 740 1041 (4),
770 983 833 1026 cum
862 967 901 1025 sit

96 1065 311 1140 approbationis
342 1066 512 1139 apostolicae
543 1065 736 1139 impugnator.
771 1065 800 1123 Si
837 1066 901 1139 quis

97 1165 184 1224 etiarn
204 1165 315 1235 dixerit,
338 1166 475 1237 praedicti
503 1164 631 1238 Gregorii
659 1180 750 1236 papae
770 1164 812 1222 IX
841 1180 900 1221 sen-

97 1262 219 1321 tentiam
247 1279 302 1321 rron
330 1263 444 1321 essedo
465 1263 558 1320 mente
580 1261 702 1336 regulae,
725 1262 834 1335 etipse
855 1278 902 1319 ee.-

98 1362 160 1420 dem
175 1362 284 1421 ratione
295 1361 453 1421 haereticus
467 1361 512 1420 est
526 1361 691 1430 censendus,
703 1378 766 1419 oum
780 1360 902 1430 constet,

100 1476 204 1533 papam
219 1460 392 1518 contrarium
413 1458 572 1530 affirmare3
592 1459 761 1528 haereticus,
776 1460 901 1534 inquom,

100 1557 175 1617 siout
203 1556 282 1631 patet
309 1558 393 1616 XXII
420 1558 610 1628 distinetione,
637 1575 699 1632 oap.
725 1557 830 1617 menes
845 1557 902 1632 (5),

99 1656 129 1713 et
150 1672 212 1728 cap.
235 1654 430 1715 Sacrosooota
445 1656 500 1731 (6).

182 1754 267 1813 Forte
287 1754 378 1813 adhuc
399 1755 472 1813 dices
487 1755 541 1830 (7),
562 1756 636 1830 quod
657 1755 686 1812 in
708 1755 760 1813 hoo
779 1756 834 1827 ipsi
848 1754 904 1813 ira·

100 1855 161 1911 tres
182 1852 289 1911 statum
311 1853 378 1912 oleri
397 1854 582 1912 communiter
597 1869 652 1912 non
671 1853 816 1922 excedunt,
838 1854 905 1928 quia

100 1950 170 2010 dioit
196 1950 241 2009 ier
255 1950 310 2025 (8),
338 1951 411 2023 quod
437 1973 451 2001 α
465 1968 536 2024 quae
563 1951 652 2010 divini
679 1952 749 2008 iuris
781 1950 850 2009 sunt
875 1952 905 2008 in

101 2048 210 2107 nullius
237 2049 317 2107 bonis
343 2050 410 2106 sunt
423 2072 452 2117 »,
474 2050 567 2108 omnia
593 2049 688 2107 autern
716 2049 789 2107 bona
817 2050 903 2108 eoele-

101 2147 218 2205 siastioa
238 2146 325 2204 divini
346 2148 416 2204 iuris
438 2146 520 2205 sunt:
542 2163 609 2221 ergo
631 2147 742 2205 tantum
765 2164 834 2205 osus
859 2163 905 2206 eo·

102 2263 165 2305 rum
188 2244 232 2303 est
252 2246 424 2314 clericorum,
440 2246 469 2303 et
482 2262 537 2305 non
559 2246 721 2315 dominium,
735 2245 769 2303 ut
782 2246 906 2304 videtur.

103 2390 263 2401 ,.-.--.-

137 2514 140 2521 ,
169 2470 192 2528 1)
210 2469 228 2514 L
244 2469 298 2527 ipre
314 2468 397 2515 etiam.
622 2468 647 2529 2)
665 2470 683 2515 L
699 2467 767 2515 addit
782 2470 903 2527 fratrum.

167 2550 192 2609 3)
210 2548 258 2597 Cir.
277 2549 489 2609 Bondv.,1dxpoo.
512 2564 567 2609 oup.
590 2551 671 2609 requi.
690 2550 720 2597 F.
738 2550 784 2606 M,
806 2550 831 2596 in
852 2564 904 2597 oon·

104 2634 164 2679 firm.
184 2643 233 2688 reg.
507 2694 508 2698 Ἰ

118 2714 120 2719 “
167 2711 192 2770 4)
210 2711 228 2756 L
244 2708 311 2757 addit
327 2710 459 2757 secundum
475 2710 634 2770 leronymum
650 2712 679 2757 de
695 2712 743 2769 fide
760 2712 893 2757 catholica.

167 2789 276 2849 &GL
794 2789 907 2849 &02

169 2872 193 2929 7)
212 2869 259 2917 Cir.
279 2870 378 2928 Bonam,
397 2870 757 2931 Expos.eup.re9uz.1oi1.,
774 2886 796 2919 c.
813 2871 828 2918 6
844 2884 869 2917 n.
883 2872 906 2919 3.

168 2951 193 3011 8)
211 2953 237 2998 L.
255 2952 266 2999 1
282 2950 373 3010 Digest.
391 2951 433 3001 tit.
452 2952 466 2999 8
483 2951 522 2999 lex
539 2952 640 2999 &emmo
656 2967 742 3000 rorum
757 2952 855 2999 divisio.
