2284 3484
237 216 276 272 66
502 233 643 275 surrruuus
664 233 777 275 riconis

238 420 417 478 incarnatum
439 437 491 493 pro
511 424 575 494 ipse
596 421 778 480 occidi-Nec
802 420 857 480 orii
884 421 954 480 bueo
975 422 1038 480 Filii
1121 481 1122 486 ,

238 519 292 575 mei
313 519 409 592 aliqua
438 520 638 579 circumventio
669 521 715 578 rel
742 520 876 592 deceptio,
898 520 947 578 sed
978 537 1039 578 mee
1121 563 1122 570 κ

238 633 344 688 sueque
364 617 563 676 inenarrabilis
583 618 720 690 dignatio.
735 619 782 686 ut,
797 620 862 692 qula
876 617 918 686 iu,
933 635 1039 688 ceree
1118 650 1123 702 ,3

238 731 305 773 suae
324 713 475 774 infusionis
489 717 627 788 principio
642 733 730 790 usque
744 716 824 775 ruodo
838 733 948 788 semper
966 717 1039 773 mule
1121 711 1122 740 ³

238 812 337 884 egisti,
353 829 432 870 meus
453 829 519 872 vero
538 813 629 871 Filius
650 830 718 886 erga
738 829 799 870 eam
820 815 905 871 nimio
934 813 1040 871 exarsit

238 925 332 968 amoro
343 909 373 967 et
384 927 413 968 se
428 909 520 969 totum
535 911 588 969 sibi
603 911 737 978 exhibuit,
747 911 808 970 ideo
823 910 949 984 perfectu
963 911 1040 969 iusti·

239 1006 280 1063 tic
294 1007 390 1080 exigit,
404 1008 438 1066 ut
454 1025 516 1066 earn
531 1009 621 1066 totam
636 1009 665 1066 et
678 1008 808 1067 totaliter
821 1009 873 1066 sibi
888 1009 1039 1076 dimittam,
1128 1045 1129 1084 ,

238 1103 268 1162 et
280 1104 343 1175 ipse
357 1105 386 1162 te
400 1106 560 1178 plusquam
575 1106 684 1164 stercus
697 1106 849 1165 abhorreat
862 1106 891 1164 ct
904 1106 942 1163 eb
957 1107 1041 1164 omni·

239 1202 293 1260 bus
312 1203 456 1262 abhorreri
478 1204 599 1276 cupiet?
617 1203 679 1273 Sed,
693 1206 759 1277 quia
773 1220 829 1262 non
850 1203 941 1262 solum
963 1203 1041 1260 iusti·

238 1300 318 1369 tiam,
336 1301 385 1358 sed
399 1301 429 1358 et
443 1301 660 1359 misericordiam
674 1302 845 1374 implorasti,
858 1301 931 1369 volo,
946 1301 979 1358 ut
993 1301 1041 1358 eli·

239 1397 351 1471 quando
364 1398 450 1455 etiam
464 1399 493 1455 in
508 1399 651 1470 praesenti
665 1399 818 1465 dulcedine,
838 1415 922 1472 quem
936 1399 965 1456 in
981 1414 1041 1456 meo

239 1493 329 1552 sentit
349 1494 431 1564 Filio,
453 1494 641 1567 perfunderis.
663 1496 701 1553 Et
723 1513 808 1568 super
827 1495 879 1554 hoc
899 1495 929 1552 in
943 1495 1041 1554 futuro

238 1591 412 1651 nobilissime
431 1610 465 1650 ec
486 1593 731 1666 perfectissimete
752 1593 855 1652 dotabo
876 1593 913 1660 et,
930 1595 954 1650 si
972 1593 1042 1651 bene

236 1691 350 1748 'animae
370 1692 400 1748 iu
420 1691 549 1749 omnibus
563 1691 700 1750 obedieris
721 1709 753 1749 er
774 1708 857 1760 nunc,
878 1707 935 1750 non
951 1692 1041 1750 solum

239 1804 257 1844 e
278 1803 368 1860 poena
381 1789 507 1856 aeterua,
522 1788 571 1846 sed
585 1789 670 1846 etiam
686 1790 852 1861 purgatoria
866 1789 894 1846 te
908 1788 1042 1858 absolvo3

240 1872 372 1958 qui‘viro
392 1888 422 1944 in
443 1887 589 1945 aeteruum
611 1887 640 1945 ct
660 1889 689 1945 iu
710 1887 852 1946 saeculum
873 1887 986 1945 saeculi.
