2284 3484
429 267 519 309 curun
542 271 569 310 x.
646 241 650 251 ’
864 254 902 310 45

99 457 147 514 sed
168 475 232 515 cum
255 459 375 531 quodam
397 460 504 532 impetu
520 460 623 518 mentis
637 462 723 518 nimio
744 478 838 518 amore
853 461 906 518 ier-

99 554 194 612 nentis
209 555 324 615 deberes
340 557 538 616 studeremus
550 558 817 631 diligenbiaeffccbui
829 577 904 616 man·

99 655 204 726 cipere.
219 655 335 712 Si-enim
351 655 420 714 bene
435 655 578 714 Orealoris
593 657 635 713 bui
649 674 725 714 esses
739 673 833 732 amore
847 673 905 715 suc-

98 768 210 821 census,
222 768 238 810 o
252 752 343 823 homo,
355 753 427 812 nihil
441 757 492 826 pro
505 756 567 827 ipso
581 756 758 823 iniuriosum,
772 755 844 813 nihil
855 755 905 814 dif·

99 850 173 908 licile
193 851 358 923 reputarem
380 854 474 910 omnia
488 853 540 910 tibi
554 853 638 921 levia,
653 855 747 911 omnia
761 853 903 921 amabilia,

68 989 71 996 .
99 949 194 1006 omnia
209 949 302 1006 dulcia
316 950 345 1007 eb
355 951 454 1007 suavia
468 947 650 1022 apparerent,
666 951 694 1007 ei
709 952 768 1008 bam
782 951 902 1008 libenter

99 1046 168 1104 haec
183 1049 277 1105 omnia
291 1048 469 1121 adimpleres
485 1049 527 1117 ub,
542 1065 604 1106 cnm
620 1050 713 1106 omnia
732 1049 904 1120 perfecisses,

99 1146 182 1218 quasi
196 1145 267 1203 nihil
283 1163 334 1218 pro
354 1147 416 1218 ipso
437 1148 527 1218 egisse
548 1147 685 1214 crederes
705 1148 789 1204 immo
811 1147 905 1218 polius

98 1244 242 1312 defecisse,
264 1243 345 1318 leque
366 1263 399 1303 er
420 1245 472 1303 hoc
492 1263 606 1303 exosum
627 1245 754 1314 haberes
770 1245 803 1302 ub
817 1247 863 1302 vir
876 1246 904 1302 ie

98 1343 194 1415 ipsum
209 1358 306 1414 posses
319 1343 500 1416 aliquetenus
515 1344 637 1402 tolerare
651 1343 680 1401 eb
698 1343 837 1416 cogitares
852 1344 904 1402 sol·

99 1441 185 1508 licite,
197 1442 335 1514 quomode
346 1457 443 1514 posses
457 1441 548 1500 adhuc
563 1444 670 1500 maiora
682 1442 771 1500 facere
786 1442 837 1499 aul
852 1442 906 1499 sal·

97 1539 155 1596 iem
177 1539 272 1596 eedem
295 1539 446 1612 perfectius
467 1541 631 1612 adimplere,
646 1556 860 1612 proponensque
873 1541 903 1597 in

97 1637 179 1696 corde
193 1637 283 1696 tuobe
295 1655 346 1710 pro
360 1638 514 1696 defectibus
524 1639 652 1711 graviter
667 1637 825 1710 flagellare3
838 1655 903 1695 nam

97 1735 277 1802 erubesceres
298 1752 353 1794 non
375 1736 511 1794 modicum
527 1736 555 1794 eb
569 1736 678 1794 doleres
692 1735 751 1793 bam
765 1736 904 1794 altissimo

98 1834 220 1892 Domino
242 1835 282 1891 sic
302 1836 458 1892 miserrimo
480 1833 652 1892 ministrare.
668 1833 739 1903 Quid
761 1835 845 1906 plura
865 1835 907 1891 di-

97 1934 182 1990 cem?
203 1933 317 2000 Quanto
339 1933 404 2004 plus
426 1933 585 2005 proficeres
607 1933 688 1990 lanio
717 1932 782 2005 plus
803 1933 832 1990 be
861 1932 904 1990 de·

98 2031 181 2089 ficere
201 2031 343 2104 cogitares
364 2032 393 2088 el
413 2033 537 2104 emplius
551 2031 727 2088 erubesceres
746 2031 775 2088 ei
795 2032 903 2089 doleres

97 2130 126 2187 el
146 2130 248 2187 maiori
270 2129 370 2188 ardore
393 2146 552 2198 succensus,
575 2146 684 2201 semper
706 2131 814 2188 maiora
834 2131 905 2187 reiu-

96 2230 190 2300 cipere
211 2228 364 2284 conareris.
386 2227 539 2300 Nunquam
562 2229 634 2284 enim
657 2227 690 2284 de
708 2227 762 2295 his,
777 2244 848 2299 quae
868 2227 904 2284 ad

96 2326 232 2385 honorem
256 2325 307 2382 Dei
328 2342 389 2382 esse
409 2343 546 2394 cerneres,
562 2325 629 2382 tuus
651 2326 747 2396 posset
768 2325 842 2382 refici
856 2343 904 2397 ap·

96 2425 222 2498 peb'bus;
245 2440 356 2496 semper
377 2424 450 2481 enim
473 2423 617 2480 famelicus
631 2422 831 2496 appareresO
853 2426 905 2480 mi-

95 2524 196 2582 rabilis
226 2522 304 2581 color
336 2523 456 2579 amoris!
486 2524 532 2594 qui
565 2523 605 2578 sio
636 2523 691 2579 cibo
719 2521 807 2594 digeri
836 2521 904 2580 facit

94 2640 127 2681 ac
142 2621 260 2680 tandem
278 2619 420 2678 convertit
441 2622 469 2677 in
493 2621 646 2693 praemium
670 2622 729 2677 sine
751 2620 815 2680 fine.
837 2620 903 2679 Non

94 2721 204 2788 dubito,
234 2721 308 2792 quod
340 2718 408 2779 lunc
435 2719 521 2776 nimio
554 2719 662 2777 fervore
693 2718 903 2778 ebullireb‘cor

95 2821 187 2889 luurn,
211 2835 396 2892 somnumque
417 2817 535 2875 haberes
566 2833 680 2876 exosum
708 2817 738 2875 eb
768 2817 903 2890 quidquid

94 2920 129 2978 ad
150 2918 328 2978 momentum
350 2917 379 2975 be
407 2912 604 2974 retrahereba
632 2916 747 2974 servilio
770 2916 820 2974 Dei
849 2916 901 2974 lui.
