2284 3484
259 246 402 289 clurinum
422 247 559 289 rnuruurs
581 247 635 289 ruo
655 247 783 291 oruucro.
866 227 924 289 14u

123 434 294 495 auctoritate
315 436 432 495 teneant
464 453 510 495 eos
531 436 644 494 tanturn
664 436 760 510 gralia
780 436 926 509 dispensa·

123 536 218 604 tionis,
229 536 266 593 ad
277 553 306 593 se
317 535 521 594 districtionem
532 551 687 608 paupemm
700 535 847 593 servantes
858 535 925 592 etin

123 635 195 693 alios
209 650 260 706 pro
274 634 368 692 debito
389 633 472 693 officii
490 634 649 703 affluentes,
668 635 728 691 sine
749 632 927 706 perfectiouis

124 731 294 805 praeiudicio
304 731 411 789 habent
421 749 483 800 eos3
498 734 546 805 qui
559 731 682 789 habendi
696 732 794 790 modus
804 731 926 790 multum

124 830 169 889 sst
183 830 314 889 ecclesiae
326 828 370 905 (1)
382 832 566 897 necessarius,
581 831 720 903 quamuis,
735 830 873 902 quantum
888 829 938 888 sit·

124 918 308 1001 periculosus,
338 928 436 988 doceat
462 929 615 987 multitudo
642 930 672 985 in
697 945 729 986 eo
757 928 927 1001 naufragari·

124 1026 197 1084 tium
218 1028 376 1086 manifeste.
398 1027 450 1097 Qui
472 1044 538 1086 vero
565 1026 672 1085 habeut
692 1027 798 1085 loculos
819 1043 870 1099 pro
898 1044 927 1085 se

125 1126 197 1198 ipsis
211 1126 318 1183 habent
332 1142 379 1185 eos
393 1144 455 1185 cum
470 1124 685 1185 circumstantia
698 1124 926 1197 imperfectionis,

127 1224 325 1281 conuenientes
352 1241 414 1282 cum
437 1223 550 1281 Christo
578 1222 703 1281 infacto
727 1222 857 1291 habendi,
879 1223 927 1280 sed

127 1338 183 1380 uon
205 1322 338 1391 inundo,
361 1322 390 1380 ct
410 1322 471 1380 ideo
491 1338 546 1380 non
563 1320 684 1393 possunt
703 1321 733 1377 in
754 1319 806 1378 hoc
819 1320 852 1377 de
867 1334 928 1392 pcr-

126 1420 255 1478 fectionis
276 1422 353 1492 apice
375 1419 449 1479 inter
471 1436 611 1492 pauperes
623 1420 751 1491 gloriari.
766 1417 819 1487 oui
839 1418 928 1490 igitur

126 1518 226 1575 loculis
257 1534 308 1589 pro
335 1499 575 1576 Christocarent
601 1516 721 1573 multum
752 1515 871 1589 possunt
898 1517 927 1573 in

127 1616 247 1674 Domino
268 1616 415 1683 consolari,
438 1616 503 1689 quia
524 1609 722 1687 perfectionem
750 1614 830 1671 illam
858 1630 929 1686 pau-

127 1714 248 1786 pertatis
268 1714 445 1787 evangelicae
473 1713 611 1785 apostolis
640 1711 848 1770 commendatae
875 1712 927 1770 soli

126 1811 291 1870 custodiunt
311 1813 339 1869 in
361 1812 413 1870 hoc
434 1812 546 1870 mundo.
561 1810 614 1879 Qui
629 1826 695 1868 vero
710 1826 784 1867 mere
799 1826 850 1882 pro
864 1810 928 1867 aliis

126 1909 242 1978 habent,
258 1909 462 1967 misericordiae
477 1908 584 1966 Christi
602 1908 777 1966 exsecutores
793 1907 837 1981 (2)
859 1907 929 1964 mul-

128 2007 190 2065 tum
209 2007 278 2064 sunt
297 2007 463 2075 laudabiles,
485 2008 510 2064 si
525 2007 622 2079 picem
643 2007 794 2078 inrepentes
815 2006 927 2062 minime

127 2105 319 2177 inquinentur
330 2104 385 2179 (3).
400 2105 452 2174 Qui
468 2105 562 2162 autem
578 2103 685 2161 habent
698 2120 749 2175 pro
763 2120 792 2161 se
806 2104 877 2174 ipsis
890 2103 929 2161 lo·

127 2201 206 2261 culos
227 2202 308 2261 tanto
324 2202 487 2274 perfectioni
501 2201 679 2275 evangelicae
693 2201 816 2273 amplius
829 2215 929 2272 appro-

128 2301 278 2374 pinquant,
299 2301 415 2373 quanto,
436 2302 555 2359 exclusis
578 2300 759 2371 pecuniarum
777 2297 928 2366 thesauris,

127 2400 308 2473 paucioribus
329 2399 397 2457 sunt
419 2399 544 2457 contenti
559 2398 613 2472 (4).
636 2398 712 2455 Haec
732 2397 839 2457 Senior.

129 2526 288 2535 -—---

195 2586 217 2645 1)
235 2586 253 2631 L
270 2586 296 2631 in
314 2585 423 2632 eeclesia,

192 2667 217 2725 2)
235 2666 253 2713 L
269 2665 360 2711 habent
378 2670 497 2725 tanquam
517 2664 612 2710 Chresti
628 2667 789 2709 exsecutores.
875 2721 878 2726 ⁴

193 2747 217 2805 3)
234 2745 308 2793 Eccli.
328 2746 365 2803 13,
386 2746 407 2792 l.

192 2826 218 2886 4]
236 2826 329 2886 napos.
344 2840 399 2888 sup.
414 2826 496 2886 repul.
507 2826 537 2872 F.
552 2826 600 2884 M„
611 2839 631 2873 c.
643 2824 658 2870 4
670 2838 694 2872 u.
707 2824 722 2871 6
733 2836 769 2884 sq.
782 2822 931 2883 (quibusdem

128 2905 250 2967 mutatis).
