2284 3484
361 1237 438 1314 Quod
458 1238 538 1299 homo
559 1238 667 1299 demeat
685 1237 721 1298 od
740 1257 823 1316 opera
841 1237 903 1298 Dei.
975 1206 977 1209 ι

314 1445 340 1501 Si
363 1445 533 1512 attenderes,
556 1445 678 1512 ohomo,
692 1445 766 1518 quod
780 1445 808 1501 te
828 1444 904 1501 Deus
917 1444 954 1500 ad
969 1445 1036 1500 ima·
1126 1512 1127 1519 ἵ

233 1544 328 1614 ginom
349 1561 430 1601 suam
451 1543 527 1611 fecit,
541 1560 593 1616 pro
614 1545 642 1600 te
657 1544 700 1600 tot
720 1545 749 1600 et
769 1543 827 1600 tam
850 1542 959 1614 nobiles
973 1559 1035 1599 oon·

233 1640 305 1698 didit
325 1642 471 1698 creaturas
492 1641 521 1698 et
541 1642 621 1698 tuam
643 1615 790 1698 adsumens
813 1640 946 1697 naturam
975 1640 1034 1696 tam

234 1740 378 1796 carissime
399 1740 427 1796 te
449 1739 567 1798 redemit
587 1742 617 1796 et
636 1756 693 1797 non
715 1739 814 1806 solum,
838 1738 872 1794 ut
890 1739 984 1809 ipsum
1005 1738 1035 1793 in

234 1837 325 1894 cibum
347 1836 452 1894 habeas
473 1838 502 1894 in
524 1837 677 1908 praesenti,
698 1837 746 1893 sed
767 1854 797 1894 se
817 1835 868 1893 tihi
887 1837 917 1891 in
938 1835 1037 1892 futuro
1126 1880 1127 1885 1

233 1935 263 1992 in
285 1936 441 2006 praemium
462 1936 602 2007 promisit,
624 1952 698 1993 nuno
730 1936 860 1992 naturam
885 1932 1037 1990 conseruat

233 2033 411 2104 gratiamque
443 2032 575 2101 infundit,
604 2034 632 2090 et
660 2033 728 2090 haec
759 2034 853 2090 omnia
884 2031 923 2090 ad'
952 2048 1036 2088 suum
1126 2022 1127 2025 ’

235 2128 303 2187 facit
322 2129 472 2197 honorem3
494 2132 534 2188 sio
562 2132 591 2188 in
617 2132 712 2202 ipsum
736 2129 865 2187 tenderes
893 2128 946 2186 aut
973 2129 1038 2186 ten-
1126 2176 1127 2183 ,

234 2226 298 2283 dere
319 2227 433 2284 deberes
454 2228 483 2284 et
503 2230 562 2286 eius
581 2228 713 2285 honorem
735 2227 892 2300 appeteres,
907 2227 942 2284 ut
954 2227 1039 2299 quasi

235 2323 277 2380 tui
306 2324 411 2382 oblitus
439 2324 468 2381 et
495 2341 546 2398 pro
575 2325 663 2383 nihilo
696 2327 724 2382 te
753 2341 924 2398 supponens
955 2325 1039 2396 quid-

234 2420 301 2492 quid
321 2422 521 2481 consolationis
541 2423 593 2480 aut
618 2423 819 2491 tribulationis,
840 2422 957 2481 honoris
977 2424 1038 2479 sive
1126 2474 1127 2477 ,

234 2519 352 2576 iniuriae
373 2519 425 2576 tibi
446 2520 630 2592 contingeret,
655 2522 713 2577 aesi
736 2520 807 2577 nihil
827 2521 975 2588 accideret,
997 2537 1039 2578 re·

235 2616 359 2686 putares
388 2618 480 2675 totum
508 2620 536 2675 in
565 2618 677 2676 laudem
705 2620 734 2676 et
757 2619 891 2690 honorem
912 2619 1040 2677 referens

235 2712 387 2771 creatoris.
401 2714 448 2780 Et,
470 2717 699 2788 quandocumque
714 2733 811 2789 posses
825 2715 916 2774 faeere
930 2717 1039 2789 aliquid

234 2811 270 2867 ad
291 2812 342 2869 Dei
362 2811 495 2869 honorem
517 2814 681 2885 animaeque
702 2814 768 2870 tuae
789 2814 919 2881 salutem,
939 2815 1038 2873 utrum
1126 2852 1127 2855 =

234 2908 310 2965 esset
323 2908 435 2967 difficile
449 2909 493 2965 vel
508 2911 683 2980 iniuriosum,
704 2928 759 2968 non
775 2911 897 2969 iudicare
910 2912 1038 2986 deheres,

904 3326 1128 3446 -md
