2284 3484
243 276 281 332 38
507 292 647 334 srrmmus
669 291 780 332 auoms.

246 395 299 402 --.

241 483 374 540 continua
408 482 587 540 meditatione
617 483 669 549 sni,
698 482 726 538 et
746 482 828 554 quasi
849 481 960 538 videtur
981 481 1043 547 tibi,

241 581 313 653 qued
335 581 420 638 etiam
443 581 470 638 te
489 582 582 652 ipsum
602 597 656 638 non
679 598 755 637 ames
776 580 831 637 nisi
851 581 954 652 ipsum,
976 579 1044 651 qnid
1136 578 1138 650 ᾗ

241 677 292 736 tibi
321 679 353 735 de
374 679 475 736 dilecto
504 681 552 736 tuo
573 678 728 751 contingat,
750 678 889 746 ausculta,
911 693 927 735 o
947 679 1044 734 anima

241 794 335 834 amore
349 777 468 848 repleta,
479 779 564 834 immo
576 794 647 849 quae
658 777 720 834 tota
730 794 813 834 versa
827 794 856 834 es
870 777 896 833 in
909 793 1042 834 amorem.

321 875 380 932 Iste
395 875 514 932 dilectus
529 875 605 942 tuus,
621 891 636 932 o
650 875 761 942 dilecta,
777 893 794 931 a
808 892 863 947 quo
884 891 939 931 non
962 874 1043 946 petes
1136 904 1137 937 r

240 973 420 1045 aliquatenus
435 974 571 1044 separari,
587 990 615 1030 se
630 974 723 1044 ipsum
738 991 755 1029 a
772 973 822 1030 tuo
837 972 963 1045 cogitatu
977 989 1044 1030 con-

240 1073 319 1129 tinuo
335 1073 479 1144 paulisper
495 1069 654 1138 subtrahet,
674 1072 716 1128 ita
730 1072 763 1128 ut
776 1088 823 1130 cor
843 1071 924 1128 tuum
944 1087 1043 1128 curva-

241 1171 300 1227 tum
317 1170 351 1226 ad
373 1169 478 1242 aliquid
493 1170 569 1226 aliud
585 1170 702 1241 incipiat
715 1171 839 1242 evagari,
854 1169 883 1227 et
897 1169 929 1226 tu
944 1168 1043 1225 videns

236 1286 313 1334 eum,
334 1285 414 1340 quem
439 1269 478 1325 sic
498 1267 612 1325 fortiter
632 1268 736 1340 diligis,
758 1268 934 1332 abscessisse,
956 1268 1043 1323 nimia

241 1366 378 1423 aviditate
393 1365 502 1438 repleta
517 1382 635 1437 quaeres
649 1365 780 1437 undique,
795 1364 931 1441 quomodo
952 1366 1043 1435 possis

242 1481 321 1536 quem
346 1465 384 1521 sic
406 1463 517 1521 fortiter
538 1463 634 1535 diligis
654 1464 795 1531 invenire;
818 1462 947 1521 omnibus
965 1478 1043 1518 crea-

242 1562 315 1618 turis
338 1562 461 1620 breviter
482 1561 636 1627 nuntiabis,
657 1561 690 1618 ut
711 1560 834 1618 indicent
854 1560 914 1628 tibi,
936 1560 984 1616 ubi
1006 1559 1044 1616 sit

242 1660 361 1718 dilectus
376 1659 452 1727 tuus,
474 1661 540 1732 quia
560 1658 703 1732 lanperidu
723 1658 850 1716 efficieris
865 1673 942 1730 proc
963 1674 1045 1714 ame-

242 1774 273 1815 re
288 1757 342 1833 (1).
364 1757 476 1827 Quanto
502 1758 570 1815 tunc
598 1757 676 1824 fletu,
705 1757 813 1828 quanta
843 1755 1045 1828 lacrymatione

243 1838 429 1928 perfundaris,
451 1856 559 1928 quanta
573 1856 715 1912 anxietate
737 1855 801 1926 post
814 1854 946 1912 dilectum
962 1853 1044 1911 tuum

242 1955 392 2021 discurras,
422 1955 473 2011 tibi
501 1955 594 2011 nescio
620 1970 762 2010 enarrare.
786 1953 848 2020 Sed,
869 1969 885 2010 o
907 1951 1045 2008 mirabilis

242 2053 346 2110 amoris
373 2053 536 2110 inebriatio!
558 2051 610 2127 boc
637 2054 707 2123 ipso,
729 2051 802 2124 quod
827 2052 866 2108 sic
893 2052 922 2107 in
949 2051 1044 2122 ipsum

242 2151 342 2216 tendis
364 2167 426 2208 cum
448 2152 509 2221 ipso
531 2167 560 2207 es
581 2150 610 2207 et
629 2151 752 2221 ignoras.

322 2248 383 2315 Sed,
400 2248 466 2320 qnid
486 2248 568 2306 saciet
583 2248 702 2304 dilectus
723 2248 829 2314 tunso
850 2247 935 2304 nimio
949 2262 1046 2304 amore

243 2346 374 2418 repleta?
394 2345 530 2418 Nunquid
552 2363 581 2402 se
604 2344 708 2416 poterit
735 2345 857 2416 amplius
883 2344 1047 2403 occultare?

242 2446 274 2502 Se
289 2441 468 2502 dulcissimus
484 2460 604 2516 sponsus
617 2443 685 2500 tuus
698 2443 749 2499 tibi
765 2460 848 2515 quarn
864 2442 948 2500 citius
963 2459 1046 2514 prae-

242 2543 374 2600 sentabit.
398 2543 436 2600 Et
456 2544 488 2600 tu
514 2545 606 2614 ipsum
631 2541 738 2610 videns,
763 2558 845 2613 quem
871 2559 932 2599 curn
960 2541 1045 2598 tanta

241 2641 377 2698 aviditate
408 2642 577 2712 quaesieras,
599 2641 684 2696 nimio
713 2639 812 2696 ardore
840 2638 1046 2710 amplexaberis

241 2755 314 2805 eum,
336 2737 432 2795 tamen
455 2755 563 2809 semper
584 2754 646 2795 cnm
668 2739 742 2795 omni
772 2737 930 2795 reverentia
954 2735 984 2792 et
1012 2736 1045 2792 ti·

243 2873 402 2881 —.-..-.-

252 2921 256 2940 ’ἵ
306 2951 328 3008 l)
346 2949 480 3008 Respicitur
498 2948 567 2996 Cant.
585 2949 611 3006 2,
629 2949 644 2993 5
660 2950 685 2993 et
700 2961 722 2994 c.
739 2949 764 3005 5,
783 2948 821 2995 l'l.
