2284 3484
168 262 169 270 ¹
240 252 383 295 osurierit
404 252 541 295 eduensis
562 252 616 294 rso
637 252 765 295 ansero.
847 233 902 291 161

102 444 133 501 et
153 444 227 517 quod
242 444 382 516 propheta
401 444 494 503 Isaias
512 444 596 502 nudis
610 445 716 517 legitur
727 443 772 518 (1)
788 444 905 516 pedibus

102 542 274 601 ambulasse.
285 542 352 601 Ideo
363 559 429 617 ergo
440 543 565 601 haeresis
576 543 629 611 est,
641 559 697 601 uon
712 544 777 616 quie
788 543 905 615 propter

102 643 229 714 corporis
250 641 430 700 afflictionem
452 644 491 700 sio
511 640 669 710 ambolant,
684 641 732 699 sed
746 644 812 714 quia
827 641 904 699 testi-

103 741 197 799 monia
212 740 308 799 divina
328 741 367 799 sio
387 740 596 814 intelligunt».
617 740 695 799 Haec
715 741 903 814 Augustinus.

184 839 263 909 Quod
291 856 354 897 eum
385 840 504 897 dicerem
535 840 651 906 seniori,
684 840 830 911 respondit
849 839 893 913 (2)

102 938 155 996 hos
182 937 339 997 haereticos
365 938 466 995 ideirco
495 938 584 996 diotos
605 938 700 1010 fuisse,
726 940 793 1011 quia
820 938 905 1010 puta-

102 1037 174 1094 bant
195 1036 281 1094 verbe
302 1036 353 1093 Dei
373 1036 407 1093 de
436 1036 537 1108 pedum
562 1036 701 1105 nuditate,
722 1036 809 1095 Exodi
831 1037 848 1093 3
875 1037 904 1094 et

101 1136 196 1195 Isaiae
226 1135 288 1203 20‚·
303 1134 339 1191 ad
370 1134 485 1207 Moysen
516 1135 545 1192 et
576 1135 681 1192 Isaiam
713 1135 799 1193 foisse
828 1135 904 1193 diota

101 1234 176 1291 siout
207 1234 296 1305 legem
329 1232 364 1290 ad
395 1232 522 1291 litteram
548 1233 739 1305 praeceptorie
770 1233 806 1291 ab
833 1234 904 1305 ipsis

101 1331 130 1391 et
151 1332 187 1389 ab
209 1331 338 1390 omnibus
366 1331 431 1389 aliis
459 1331 672 1400 observandam,
698 1348 762 1389 cum
789 1332 903 1391 illorum

100 1428 251 1488 verborum
271 1428 370 1487 littera
391 1430 427 1487 ad
447 1430 513 1488 illas
535 1430 648 1487 tantum
675 1430 745 1489 duas
767 1447 903 1503 personas

100 1528 252 1586 exsisteret
273 1527 428 1586 referenda.
443 1527 544 1587 Merito
559 1544 626 1601 ergo
640 1527 775 1586 haeretici
793 1530 835 1586 illi
848 1529 903 1587 iue-

100 1625 179 1695 runt,
200 1628 249 1699 qui
274 1627 314 1684 sio
335 1626 533 1699 perverterant
562 1626 730 1697 sapientiam
752 1628 904 1699 scriptura-

99 1742 174 1784 rum.
197 1724 298 1783 Adhuc
318 1726 393 1783 enirn
424 1726 558 1797 tempore,
574 1742 628 1797 quo
656 1724 771 1784 divitiae
799 1743 831 1783 ae
859 1726 904 1783 de·

98 1824 180 1881 lioiae
201 1839 264 1880 oum
296 1822 446 1895 temporali
466 1824 557 1895 gloria
579 1823 739 1881 hominibus
760 1824 903 1896 permitte-

99 1920 216 1988 bantur,
239 1937 295 1979 non
317 1919 533 1989 demittentes
554 1920 734 1979 austeritatis
754 1923 903 1994 imperium

97 2020 207 2091 imponi
228 2018 404 2077 multitudini
436 2019 618 2090 pusillornm;
649 2020 777 2077 reserata
807 2020 902 2078 autem

98 2118 180 2189 regni
207 2116 347 2174 caelorum
368 2116 460 2189 gloria
488 2116 517 2173 et
537 2116 699 2187 praedicate
720 2118 901 2188 poenitentia,

98 2214 202 2295 pedum
217 2214 332 2273 nuditas
346 2214 439 2286 posita
454 2213 539 2272 estet
549 2214 683 2285 imposita
693 2231 749 2273 non
764 2216 902 2285 omnibus,

97 2313 147 2371 sed
169 2312 315 2384 discipulis
335 2311 364 2370 et
384 2313 451 2380 illis,
473 2313 520 2384 qui
542 2313 642 2371 volunt
669 2330 715 2371 eos
735 2315 765 2371 in
785 2314 837 2373 hoo
857 2331 902 2373 vo-

95 2410 223 2469 luntarie
244 2410 359 2479 imitari,
380 2410 414 2468 ut
433 2410 572 2483 quoddam
594 2411 781 2483 poenitentiae
802 2412 903 2470 funda·

96 2508 237 2577 mentum,
264 2508 403 2567 Matthaei
430 2507 468 2566 10
484 2507 544 2583 (3):
568 2509 670 2581 Neque
697 2510 900 2568 oakeoneeoto.

101 2662 262 2673 ——n—-—

163 2758 186 2817 1]
205 2758 238 2803 rs.
256 2757 296 2816 so,
314 2758 337 2803 2.

161 2838 186 2897 2)
205 2838 306 2894 Bonum,
324 2838 418 2898 Expos.
435 2851 491 2897 sup.
510 2839 592 2897 repul.
603 2838 633 2885 F.
649 2838 692 2898 M„
709 2853 730 2885 e.
747 2839 762 2884 2
778 2854 802 2885 u.
818 2840 846 2885 19
863 2853 898 2897 sq.

162 2918 187 2978 3)
206 2918 234 2964 V.
255 2916 292 2963 10.

810 3018 837 3065 ll
