2284 3484
366 1007 486 1106 §aput
513 1007 631 1108 Q.

144 1235 233 1311 Quam
254 1237 403 1316 gloriosum
424 1238 461 1297 sit
482 1245 511 1298 et
530 1237 650 1315 qualiter
670 1237 757 1316 possit
776 1237 855 1298 homo

364 1335 466 1396 mutari
486 1335 516 1394 in
537 1335 637 1395 Deum.

179 1547 363 1606 Omirabilis
390 1549 516 1606 motatio
544 1549 677 1607 dexterae
705 1547 824 1608 Eeeelsi
839 1547 901 1623 (1)1

97 1647 176 1704 Siout
208 1648 282 1704 enim
303 1647 379 1718 apud
407 1647 534 1705 homines
561 1647 730 1718 temporalia
751 1647 902 1720 diligentes

98 1745 229 1802 mirabile
243 1745 327 1813 esset,
341 1747 365 1802 si
380 1747 442 1818 quis
458 1763 545 1802 onum
560 1744 774 1803 foetidissimum
793 1746 902 1803 stereus

97 1843 287 1902 commutaret
305 1845 335 1900 in
356 1860 453 1902 omnes
472 1844 587 1902 delicias
613 1843 642 1900 et
669 1843 790 1902 honores
817 1844 902 1902 huius

98 1940 206 2009 mundi,
227 1941 334 1998 scilieet
354 1943 388 1999 nt
408 1958 460 2014 pro
484 1957 541 1999 ano
568 1940 752 1999 foetidissimo
779 1942 901 1999 stercore

97 2037 219 2097 haberet
246 2038 330 2096 huius
357 2040 455 2097 mundi
484 2040 597 2111 plenam
625 2040 852 2111 dominationem,
874 2037 902 2096 et

98 2137 239 2209 quantum
259 2137 295 2194 ad
316 2137 484 2210 temporalia
511 2138 548 2194 ad
576 2138 688 2196 modum
712 2138 902 2210 imperatoris,

98 2235 128 2292 et
149 2234 345 2307 quantumst
367 2236 530 2308 spiritualia
557 2236 594 2294 ad
619 2236 732 2294 modum
753 2252 852 2307 papae,
874 2235 903 2292 et

98 2331 210 2389 nullam
230 2332 422 2390 resistentiam
436 2332 539 2391 habere
554 2333 659 2405 posset,
674 2332 703 2389 et
716 2334 832 2404 insuper
846 2348 902 2389 ma-

98 2429 172 2502 ligni
193 2429 313 2512 spiritns
338 2430 567 2502 obtemperarent
597 2433 632 2500 ei,
664 2432 693 2487 et
723 2446 779 2488 non
811 2429 902 2487 solum

100 2527 190 2600 terra,
214 2527 262 2586 sed
283 2530 312 2586 et
332 2530 401 2586 caeli
423 2530 451 2586 et
472 2529 565 2587 sidera
586 2530 621 2586 ad
639 2546 721 2586 suum
736 2528 903 2601 regerentur

101 2627 211 2694 nutum,
226 2627 397 2686 mortificare
418 2627 502 2685 etiam
525 2627 622 2700 posset
636 2626 665 2684 et
677 2627 804 2685 mortuos
819 2627 903 2684 susci·

100 2722 163 2780 tare
183 2723 213 2781 et
233 2724 360 2783 infirmos
380 2742 489 2793 curare,
510 2723 540 2783 et
560 2726 646 2782 etiem
668 2724 764 2796 posset
789 2740 902 2782 cursum

102 2859 261 2869 ——---...

166 2936 189 2996 ι)
207 2938 247 2985 rs.
265 2938 304 2995 re,
324 2937 361 2984 11.
