<?xml version="1.0" encoding="UTF-8"?>
<!DOCTYPE html PUBLIC "-//W3C//DTD XHTML 1.0 Transitional//EN"
    "http://www.w3.org/TR/xhtml1/DTD/xhtml1-transitional.dtd">
<html xmlns="http://www.w3.org/1999/xhtml" xml:lang="en" lang="en">
 <head>
  <title>
</title>
<meta http-equiv="Content-Type" content="text/html;charset=utf-8" />
  <meta name='ocr-system' content='tesseract 3.04.00' />
  <meta name='ocr-capabilities' content='ocr_page ocr_carea ocr_par ocr_line ocrx_word'/>
</head>
<body>
  <div class='ocr_page' id='page_1' title='image "bibliothecafran00romgoog_0219.png"; bbox 0 0 2284 3484; ppageno 0'>
   <div class='ocr_carea' id='block_1_1' title="bbox 233 230 895 297">
    <p class='ocr_par' dir='ltr' id='par_1_1' title="bbox 233 230 895 297">
     <span class='ocr_line' id='line_1_1' title="bbox 233 230 895 297; baseline 0.008 -6"><span class='ocrx_word' id='word_1_1' title='bbox 233 230 291 291; x_wconf 85' lang='lat'>194</span> <span class='ocrx_word' id='word_1_2' title='bbox 372 250 515 295; x_wconf 73' lang='lat' dir='ltr'>carmena</span> <span class='ocrx_word' id='word_1_3' title='bbox 535 252 673 295; x_wconf 79' lang='lat' dir='ltr'>ramanus</span> <span class='ocrx_word' id='word_1_4' title='bbox 692 253 747 297; x_wconf 84' lang='lat' dir='ltr'>rao</span> <span class='ocrx_word' id='word_1_5' title='bbox 765 253 895 296; x_wconf 83' lang='lat' dir='ltr'>ururcro.</span> 
     </span>
    </p>
   </div>
   <div class='ocr_carea' id='block_1_2' title="bbox 231 440 1034 518">
    <p class='ocr_par' dir='ltr' id='par_1_2' title="bbox 231 440 1034 518">
     <span class='ocr_line' id='line_1_2' title="bbox 231 440 1034 518; baseline 0.001 -17"><span class='ocrx_word' id='word_1_6' title='bbox 231 458 283 501; x_wconf 80' lang='lat' dir='ltr'>nes</span> <span class='ocrx_word' id='word_1_7' title='bbox 294 440 349 518; x_wconf 88' lang='lat'>(1),</span> <span class='ocrx_word' id='word_1_8' title='bbox 364 442 394 501; x_wconf 89' lang='lat' dir='ltr'>et</span> <span class='ocrx_word' id='word_1_9' title='bbox 407 460 511 517; x_wconf 88' lang='lat' dir='ltr'>magno</span> <span class='ocrx_word' id='word_1_10' title='bbox 525 442 632 503; x_wconf 87' lang='lat' dir='ltr'>haustu</span> <span class='ocrx_word' id='word_1_11' title='bbox 645 445 723 503; x_wconf 88' lang='lat' dir='ltr'>venti</span> <span class='ocrx_word' id='word_1_12' title='bbox 735 444 889 517; x_wconf 87' lang='lat' dir='ltr'>plurimum</span> <span class='ocrx_word' id='word_1_13' title='bbox 908 444 979 503; x_wconf 85' lang='lat' dir='ltr'>sunt</span> <span class='ocrx_word' id='word_1_14' title='bbox 992 446 1034 502; x_wconf 92' lang='lat' dir='ltr'>in-</span> 
     </span>
    </p>
   </div>
   <div class='ocr_carea' id='block_1_3' title="bbox 231 540 1129 615">
    <p class='ocr_par' dir='ltr' id='par_1_3' title="bbox 231 540 1129 615">
     <span class='ocr_line' id='line_1_3' title="bbox 231 540 1129 615; baseline 0 -16"><span class='ocrx_word' id='word_1_15' title='bbox 231 540 293 599; x_wconf 85' lang='lat' dir='ltr'>flati</span> <span class='ocrx_word' id='word_1_16' title='bbox 319 542 421 615; x_wconf 88' lang='lat' dir='ltr'>quiin</span> <span class='ocrx_word' id='word_1_17' title='bbox 448 542 650 601; x_wconf 77' lang='lat' dir='ltr'><strong>somniantium</strong></span> <span class='ocrx_word' id='word_1_18' title='bbox 670 542 826 602; x_wconf 76' lang='lat' dir='ltr'>visionibus</span> <span class='ocrx_word' id='word_1_19' title='bbox 851 542 1031 615; x_wconf 83' lang='lat' dir='ltr'>gloriantur3</span> <span class='ocrx_word' id='word_1_20' title='bbox 1127 577 1129 610; x_wconf 71' lang='lat'>,</span> 
     </span>
    </p>
   </div>
   <div class='ocr_carea' id='block_1_4' title="bbox 225 638 1033 1203">
    <p class='ocr_par' dir='ltr' id='par_1_4' title="bbox 225 638 1033 1203">
     <span class='ocr_line' id='line_1_4' title="bbox 231 638 1033 716; baseline 0 -19"><span class='ocrx_word' id='word_1_21' title='bbox 231 638 305 699; x_wconf 83' lang='lat' dir='ltr'>uude</span> <span class='ocrx_word' id='word_1_22' title='bbox 324 638 394 699; x_wconf 85' lang='lat' dir='ltr'>dicit</span> <span class='ocrx_word' id='word_1_23' title='bbox 412 640 530 713; x_wconf 79' lang='lat' dir='ltr'>Sapiens</span> <span class='ocrx_word' id='word_1_24' title='bbox 541 640 597 716; x_wconf 83' lang='grc'>(2),</span> <span class='ocrx_word' id='word_1_25' title='bbox 611 642 678 714; x_wconf 87' lang='lat' dir='ltr'>quia</span> <span class='ocrx_word' id='word_1_26' title='bbox 689 640 806 699; x_wconf 69' lang='lat' dir='ltr'>emnia</span> <span class='ocrx_word' id='word_1_27' title='bbox 818 640 965 698; x_wconf 63' lang='lat' dir='ltr'>catonem</span> <span class='ocrx_word' id='word_1_28' title='bbox 977 642 1033 698; x_wconf 80' lang='lat' dir='ltr'>im-</span> 
     </span>
     <span class='ocr_line' id='line_1_5' title="bbox 225 736 1031 810; baseline -0.001 -13"><span class='ocrx_word' id='word_1_29' title='bbox 225 736 402 810; x_wconf 59' lang='lat' dir='ltr'>moenem</span> <span class='ocrx_word' id='word_1_30' title='bbox 421 738 530 797; x_wconf 79' lang='lat' dir='ltr'>moros</span> <span class='ocrx_word' id='word_1_31' title='bbox 551 740 626 796; x_wconf 92' lang='lat' dir='ltr'>enirn</span> <span class='ocrx_word' id='word_1_32' title='bbox 645 754 747 796; x_wconf 82' lang='lat' dir='ltr'>erroro</span> <span class='ocrx_word' id='word_1_33' title='bbox 759 736 892 809; x_wconf 69' lang='lat' dir='ltr'>recenant</span> <span class='ocrx_word' id='word_1_34' title='bbox 903 740 1031 797; x_wconf 71' lang='lat' dir='ltr'>somata</span> 
     </span>
     <span class='ocr_line' id='line_1_6' title="bbox 230 835 1032 909; baseline 0.001 -16"><span class='ocrx_word' id='word_1_35' title='bbox 230 835 259 893; x_wconf 88' lang='lat' dir='ltr'>N</span> <span class='ocrx_word' id='word_1_36' title='bbox 260 852 290 895; x_wconf 89' lang='lat' dir='ltr'>eo</span> <span class='ocrx_word' id='word_1_37' title='bbox 310 838 350 895; x_wconf 88' lang='lat' dir='ltr'>sic</span> <span class='ocrx_word' id='word_1_38' title='bbox 370 835 422 895; x_wconf 90' lang='lat' dir='ltr'>hoc</span> <span class='ocrx_word' id='word_1_39' title='bbox 435 836 561 906; x_wconf 82' lang='lat' dir='ltr'>dixerim,</span> <span class='ocrx_word' id='word_1_40' title='bbox 576 836 611 895; x_wconf 90' lang='lat' dir='ltr'>nt</span> <span class='ocrx_word' id='word_1_41' title='bbox 624 835 738 909; x_wconf 88' lang='lat' dir='ltr'>penitus</span> <span class='ocrx_word' id='word_1_42' title='bbox 752 835 931 909; x_wconf 82' lang='lat' dir='ltr'>repellendas</span> <span class='ocrx_word' id='word_1_43' title='bbox 948 836 1032 894; x_wconf 84' lang='lat' dir='ltr'>aesti-</span> 
     </span>
     <span class='ocr_line' id='line_1_7' title="bbox 230 934 1033 1009; baseline 0 -16"><span class='ocrx_word' id='word_1_44' title='bbox 230 950 304 993; x_wconf 89' lang='lat' dir='ltr'>mem</span> <span class='ocrx_word' id='word_1_45' title='bbox 324 936 455 1004; x_wconf 81' lang='lat' dir='ltr'>visiones,</span> <span class='ocrx_word' id='word_1_46' title='bbox 478 936 626 1009; x_wconf 80' lang='lat' dir='ltr'>praecipue</span> <span class='ocrx_word' id='word_1_47' title='bbox 646 934 819 1003; x_wconf 87' lang='lat' dir='ltr'>sanctornm,</span> <span class='ocrx_word' id='word_1_48' title='bbox 833 951 904 1007; x_wconf 85' lang='lat' dir='ltr'>quos</span> <span class='ocrx_word' id='word_1_49' title='bbox 917 951 974 993; x_wconf 93' lang='lat' dir='ltr'>non</span> <span class='ocrx_word' id='word_1_50' title='bbox 988 934 1033 993; x_wconf 83' lang='lat' dir='ltr'>de</span> 
     </span>
     <span class='ocr_line' id='line_1_8' title="bbox 230 1031 1032 1107; baseline -0.002 -16"><span class='ocrx_word' id='word_1_51' title='bbox 230 1032 300 1105; x_wconf 90' lang='lat' dir='ltr'>cipit</span> <span class='ocrx_word' id='word_1_52' title='bbox 321 1031 483 1105; x_wconf 87' lang='lat' dir='ltr'>phantasia.</span> <span class='ocrx_word' id='word_1_53' title='bbox 503 1033 532 1091; x_wconf 88' lang='lat' dir='ltr'>Si</span> <span class='ocrx_word' id='word_1_54' title='bbox 552 1033 642 1107; x_wconf 85' lang='lat' dir='ltr'>igitur</span> <span class='ocrx_word' id='word_1_55' title='bbox 662 1032 755 1091; x_wconf 85' lang='lat' dir='ltr'>sancti</span> <span class='ocrx_word' id='word_1_56' title='bbox 774 1032 919 1091; x_wconf 79' lang='lat' dir='ltr'>Francisci</span> <span class='ocrx_word' id='word_1_57' title='bbox 941 1033 1032 1091; x_wconf 88' lang='lat' dir='ltr'>vitam</span> 
     </span>
     <span class='ocr_line' id='line_1_9' title="bbox 230 1130 1031 1203; baseline -0.001 -15"><span class='ocrx_word' id='word_1_58' title='bbox 230 1132 302 1189; x_wconf 90' lang='lat' dir='ltr'>velis</span> <span class='ocrx_word' id='word_1_59' title='bbox 322 1132 456 1203; x_wconf 79' lang='lat' dir='ltr'>aspicere,</span> <span class='ocrx_word' id='word_1_60' title='bbox 478 1131 515 1189; x_wconf 90' lang='lat' dir='ltr'>ibi</span> <span class='ocrx_word' id='word_1_61' title='bbox 537 1132 659 1191; x_wconf 84' lang='lat' dir='ltr'>visiones</span> <span class='ocrx_word' id='word_1_62' title='bbox 680 1147 736 1190; x_wconf 90' lang='lat' dir='ltr'>nou</span> <span class='ocrx_word' id='word_1_63' title='bbox 757 1131 857 1200; x_wconf 86' lang='lat' dir='ltr'>aniles,</span> <span class='ocrx_word' id='word_1_64' title='bbox 871 1130 920 1188; x_wconf 88' lang='lat' dir='ltr'>sed</span> <span class='ocrx_word' id='word_1_65' title='bbox 935 1132 1031 1189; x_wconf 89' lang='lat' dir='ltr'>certis·</span> 
     </span>
    </p>
   </div>
   <div class='ocr_carea' id='block_1_5' title="bbox 1127 445 1129 574">
    <p class='ocr_par' dir='ltr' id='par_1_5' title="bbox 1127 429 1129 574">
     <span class='ocr_line' id='line_1_10' title="bbox 1127 445 1129 574; baseline 0 0"><span class='ocrx_word' id='word_1_66' title='bbox 1127 445 1129 574; x_wconf 89' lang='lat' dir='ltr'>l</span> 
     </span>
    </p>
   </div>
   <div class='ocr_carea' id='block_1_6' title="bbox 231 1221 1128 1302">
    <p class='ocr_par' dir='ltr' id='par_1_6' title="bbox 231 1221 1128 1302">
     <span class='ocr_line' id='line_1_11' title="bbox 231 1221 1128 1302; baseline -0.008 -15"><span class='ocrx_word' id='word_1_67' title='bbox 231 1229 318 1287; x_wconf 89' lang='lat' dir='ltr'>simas</span> <span class='ocrx_word' id='word_1_68' title='bbox 337 1244 371 1287; x_wconf 85' lang='lat' dir='ltr'>uc</span> <span class='ocrx_word' id='word_1_69' title='bbox 391 1229 586 1288; x_wconf 88' lang='lat' dir='ltr'>sanctissimas</span> <span class='ocrx_word' id='word_1_70' title='bbox 606 1230 730 1302; x_wconf 90' lang='lat' dir='ltr'>reperies</span> <span class='ocrx_word' id='word_1_71' title='bbox 754 1228 944 1287; x_wconf 74' lang='lat' dir='ltr'>abundanter.</span> <span class='ocrx_word' id='word_1_72' title='bbox 965 1228 1034 1287; x_wconf 82' lang='lat' dir='ltr'>Cer·</span> <span class='ocrx_word' id='word_1_73' title='bbox 1127 1221 1128 1280; x_wconf 75' lang='lat' dir='ltr'>J</span> 
     </span>
    </p>
   </div>
   <div class='ocr_carea' id='block_1_7' title="bbox 230 1325 1035 1400">
    <p class='ocr_par' dir='ltr' id='par_1_7' title="bbox 230 1325 1035 1400">
     <span class='ocr_line' id='line_1_12' title="bbox 230 1325 1035 1400; baseline 0 -16"><span class='ocrx_word' id='word_1_74' title='bbox 230 1325 289 1385; x_wconf 91' lang='lat' dir='ltr'>tius</span> <span class='ocrx_word' id='word_1_75' title='bbox 309 1326 404 1385; x_wconf 89' lang='lat' dir='ltr'>autem</span> <span class='ocrx_word' id='word_1_76' title='bbox 425 1328 501 1386; x_wconf 89' lang='lat' dir='ltr'>omui</span> <span class='ocrx_word' id='word_1_77' title='bbox 521 1328 629 1386; x_wconf 85' lang='lat' dir='ltr'>visione</span> <span class='ocrx_word' id='word_1_78' title='bbox 649 1327 766 1400; x_wconf 88' lang='lat' dir='ltr'>reputes</span> <span class='ocrx_word' id='word_1_79' title='bbox 785 1327 875 1385; x_wconf 87' lang='lat' dir='ltr'>vitam</span> <span class='ocrx_word' id='word_1_80' title='bbox 888 1326 1035 1399; x_wconf 90' lang='lat' dir='ltr'>evangeli·</span> 
     </span>
    </p>
   </div>
   <div class='ocr_carea' id='block_1_8' title="bbox 230 1424 1035 1497">
    <p class='ocr_par' dir='ltr' id='par_1_8' title="bbox 230 1417 1128 1506">
     <span class='ocr_line' id='line_1_13' title="bbox 230 1424 1035 1497; baseline -0.002 -14"><span class='ocrx_word' id='word_1_81' title='bbox 230 1440 292 1483; x_wconf 87' lang='lat' dir='ltr'>carn</span> <span class='ocrx_word' id='word_1_82' title='bbox 311 1425 450 1497; x_wconf 89' lang='lat' dir='ltr'>apostolis</span> <span class='ocrx_word' id='word_1_83' title='bbox 470 1442 602 1497; x_wconf 86' lang='lat' dir='ltr'>expresse</span> <span class='ocrx_word' id='word_1_84' title='bbox 615 1424 838 1483; x_wconf 83' lang='lat' dir='ltr'>commendatam</span> <span class='ocrx_word' id='word_1_85' title='bbox 851 1425 1035 1483; x_wconf 87' lang='lat' dir='ltr'>incommuni·</span> 
     </span>
    </p>
   </div>
   <div class='ocr_carea' id='block_1_9' title="bbox 230 1521 1035 1793">
    <p class='ocr_par' dir='ltr' id='par_1_9' title="bbox 230 1521 1035 1793">
     <span class='ocr_line' id='line_1_14' title="bbox 230 1521 1034 1597; baseline -0.002 -16"><span class='ocrx_word' id='word_1_86' title='bbox 230 1522 327 1597; x_wconf 62' lang='lat' dir='ltr'>cubili=</span> <span class='ocrx_word' id='word_1_87' title='bbox 334 1524 479 1596; x_wconf 87' lang='lat' dir='ltr'>signaculo</span> <span class='ocrx_word' id='word_1_88' title='bbox 500 1522 634 1591; x_wconf 82' lang='lat' dir='ltr'>crucifixi,</span> <span class='ocrx_word' id='word_1_89' title='bbox 659 1523 767 1582; x_wconf 88' lang='lat' dir='ltr'>scilicet</span> <span class='ocrx_word' id='word_1_90' title='bbox 787 1521 981 1597; x_wconf 71' lang='lat' dir='ltr'>stigmatibus,</span> <span class='ocrx_word' id='word_1_91' title='bbox 1003 1523 1034 1579; x_wconf 92' lang='lat' dir='ltr'>in</span> 
     </span>
     <span class='ocr_line' id='line_1_15' title="bbox 230 1619 1034 1693; baseline -0.002 -14"><span class='ocrx_word' id='word_1_92' title='bbox 230 1619 306 1679; x_wconf 86' lang='lat' dir='ltr'>beati</span> <span class='ocrx_word' id='word_1_93' title='bbox 326 1620 470 1679; x_wconf 78' lang='lat' dir='ltr'>Francisci</span> <span class='ocrx_word' id='word_1_94' title='bbox 490 1637 606 1693; x_wconf 91' lang='lat' dir='ltr'>corpore</span> <span class='ocrx_word' id='word_1_95' title='bbox 625 1620 833 1679; x_wconf 88' lang='lat' dir='ltr'>confirmatam.</span> <span class='ocrx_word' id='word_1_96' title='bbox 862 1620 947 1678; x_wconf 91' lang='lat' dir='ltr'>Hunc</span> <span class='ocrx_word' id='word_1_97' title='bbox 974 1620 1034 1677; x_wconf 83' lang='lat' dir='ltr'>eri·</span> 
     </span>
     <span class='ocr_line' id='line_1_16' title="bbox 230 1716 1035 1793; baseline -0.002 -17"><span class='ocrx_word' id='word_1_98' title='bbox 230 1717 324 1787; x_wconf 86' lang='lat' dir='ltr'>stimo,</span> <span class='ocrx_word' id='word_1_99' title='bbox 345 1719 434 1777; x_wconf 85' lang='lat' dir='ltr'>salvis</span> <span class='ocrx_word' id='word_1_100' title='bbox 455 1720 519 1777; x_wconf 90' lang='lat' dir='ltr'>aliis</span> <span class='ocrx_word' id='word_1_101' title='bbox 539 1718 692 1793; x_wconf 82' lang='lat' dir='ltr'>mysteriis,</span> <span class='ocrx_word' id='word_1_102' title='bbox 713 1718 854 1777; x_wconf 90' lang='lat' dir='ltr'>homiuem</span> <span class='ocrx_word' id='word_1_103' title='bbox 866 1716 964 1775; x_wconf 84' lang='lat' dir='ltr'>sertae</span> <span class='ocrx_word' id='word_1_104' title='bbox 978 1716 1035 1775; x_wconf 85' lang='lat' dir='ltr'>diei</span> 
     </span>
    </p>
   </div>
   <div class='ocr_carea' id='block_1_10' title="bbox 229 1814 1129 1988">
    <p class='ocr_par' dir='ltr' id='par_1_10' title="bbox 229 1814 1129 1988">
     <span class='ocr_line' id='line_1_17' title="bbox 229 1814 1129 1906; baseline -0.002 -31"><span class='ocrx_word' id='word_1_105' title='bbox 229 1816 266 1875; x_wconf 80' lang='lat' dir='ltr'>ael</span> <span class='ocrx_word' id='word_1_106' title='bbox 286 1817 438 1890; x_wconf 86' lang='lat' dir='ltr'>imaginem</span> <span class='ocrx_word' id='word_1_107' title='bbox 459 1817 510 1875; x_wconf 89' lang='lat' dir='ltr'>Dei</span> <span class='ocrx_word' id='word_1_108' title='bbox 537 1815 644 1875; x_wconf 85' lang='lat' dir='ltr'>fectum</span> <span class='ocrx_word' id='word_1_109' title='bbox 659 1816 714 1892; x_wconf 85' lang='lat'>(3),</span> <span class='ocrx_word' id='word_1_110' title='bbox 735 1816 811 1874; x_wconf 87' lang='lat' dir='ltr'>bunc</span> <span class='ocrx_word' id='word_1_111' title='bbox 837 1814 867 1873; x_wconf 89' lang='lat' dir='ltr'>et</span> <span class='ocrx_word' id='word_1_112' title='bbox 893 1814 1032 1889; x_wconf 83' lang='lat' dir='ltr'>angelum</span> <span class='ocrx_word' id='word_1_113' title='bbox 1127 1839 1129 1906; x_wconf 20' lang='grc' dir='ltr'>ὲ</span> 
     </span>
     <span class='ocr_line' id='line_1_18' title="bbox 230 1912 1128 1988; baseline -0.002 -15"><span class='ocrx_word' id='word_1_114' title='bbox 230 1914 302 1973; x_wconf 84' lang='lat' dir='ltr'>serti</span> <span class='ocrx_word' id='word_1_115' title='bbox 329 1916 417 1988; x_wconf 83' lang='lat' dir='ltr'>sigilli</span> <span class='ocrx_word' id='word_1_116' title='bbox 443 1914 570 1988; x_wconf 88' lang='lat' dir='ltr'>tempore</span> <span class='ocrx_word' id='word_1_117' title='bbox 590 1932 610 1972; x_wconf 85' lang='lat' dir='ltr'>a</span> <span class='ocrx_word' id='word_1_118' title='bbox 628 1914 701 1974; x_wconf 83' lang='lat' dir='ltr'>solis</span> <span class='ocrx_word' id='word_1_119' title='bbox 727 1916 798 1973; x_wconf 82' lang='lat' dir='ltr'>orto</span> <span class='ocrx_word' id='word_1_120' title='bbox 821 1912 1033 1987; x_wconf 78' lang='lat' dir='ltr'>ascendentem,</span> <span class='ocrx_word' id='word_1_121' title='bbox 1127 1917 1128 1920; x_wconf 75' lang='grc'>’</span> 
     </span>
    </p>
   </div>
   <div class='ocr_carea' id='block_1_11' title="bbox 229 2010 1035 2180">
    <p class='ocr_par' dir='ltr' id='par_1_11' title="bbox 229 2010 1035 2180">
     <span class='ocr_line' id='line_1_19' title="bbox 230 2010 1035 2086; baseline -0.002 -16"><span class='ocrx_word' id='word_1_122' title='bbox 230 2013 343 2085; x_wconf 88' lang='lat' dir='ltr'>signum</span> <span class='ocrx_word' id='word_1_123' title='bbox 364 2013 416 2073; x_wconf 90' lang='lat' dir='ltr'>Dei</span> <span class='ocrx_word' id='word_1_124' title='bbox 436 2012 606 2073; x_wconf 88' lang='lat' dir='ltr'>mortalibus</span> <span class='ocrx_word' id='word_1_125' title='bbox 628 2011 832 2085; x_wconf 84' lang='lat' dir='ltr'>praeferentem</span> <span class='ocrx_word' id='word_1_126' title='bbox 847 2011 904 2086; x_wconf 82' lang='lat'><strong>(4).</strong></span> <span class='ocrx_word' id='word_1_127' title='bbox 918 2010 973 2069; x_wconf 91' lang='lat' dir='ltr'>Hic</span> <span class='ocrx_word' id='word_1_128' title='bbox 986 2012 1035 2069; x_wconf 85' lang='lat' dir='ltr'>est</span> 
     </span>
     <span class='ocr_line' id='line_1_20' title="bbox 229 2110 1035 2180; baseline -0.001 -12"><span class='ocrx_word' id='word_1_129' title='bbox 229 2110 307 2169; x_wconf 87' lang='lat' dir='ltr'>filius</span> <span class='ocrx_word' id='word_1_130' title='bbox 326 2110 412 2170; x_wconf 83' lang='lat' dir='ltr'>Iacob</span> <span class='ocrx_word' id='word_1_131' title='bbox 434 2111 746 2180; x_wconf 90' lang='lat' dir='ltr'>minimus,·Beniamin</span> <span class='ocrx_word' id='word_1_132' title='bbox 766 2110 881 2179; x_wconf 88' lang='lat' dir='ltr'>scilicet,</span> <span class='ocrx_word' id='word_1_133' title='bbox 902 2110 931 2166; x_wconf 91' lang='lat' dir='ltr'>in</span> <span class='ocrx_word' id='word_1_134' title='bbox 950 2110 1035 2167; x_wconf 90' lang='lat' dir='ltr'>cuius</span> 
     </span>
    </p>
   </div>
   <div class='ocr_carea' id='block_1_12' title="bbox 231 2207 1128 2283">
    <p class='ocr_par' dir='ltr' id='par_1_12' title="bbox 231 2207 1128 2283">
     <span class='ocr_line' id='line_1_21' title="bbox 231 2207 1128 2283; baseline -0.001 -16"><span class='ocrx_word' id='word_1_135' title='bbox 231 2224 310 2268; x_wconf 88' lang='lat' dir='ltr'>sacco</span> <span class='ocrx_word' id='word_1_136' title='bbox 330 2209 403 2268; x_wconf 84' lang='lat' dir='ltr'>calix</span> <span class='ocrx_word' id='word_1_137' title='bbox 422 2210 527 2283; x_wconf 90' lang='lat' dir='ltr'>Ioseph</span> <span class='ocrx_word' id='word_1_138' title='bbox 548 2226 652 2269; x_wconf 88' lang='lat' dir='ltr'>eureus</span> <span class='ocrx_word' id='word_1_139' title='bbox 671 2209 817 2267; x_wconf 90' lang='lat' dir='ltr'>iuvenitur</span> <span class='ocrx_word' id='word_1_140' title='bbox 831 2207 892 2282; x_wconf 82' lang='grc'>(5);</span> <span class='ocrx_word' id='word_1_141' title='bbox 906 2208 936 2265; x_wconf 92' lang='lat' dir='ltr'>in</span> <span class='ocrx_word' id='word_1_142' title='bbox 950 2208 1035 2266; x_wconf 87' lang='lat' dir='ltr'>cuius</span> <span class='ocrx_word' id='word_1_143' title='bbox 1127 2239 1128 2258; x_wconf 50' lang='lat' dir='ltr'>r</span> 
     </span>
    </p>
   </div>
   <div class='ocr_carea' id='block_1_13' title="bbox 229 2303 1034 2382">
    <p class='ocr_par' dir='ltr' id='par_1_13' title="bbox 229 2303 1034 2382">
     <span class='ocr_line' id='line_1_22' title="bbox 229 2303 1034 2382; baseline 0 -19"><span class='ocrx_word' id='word_1_144' title='bbox 229 2306 306 2369; x_wconf 89' lang='lat' dir='ltr'>tribu</span> <span class='ocrx_word' id='word_1_145' title='bbox 324 2306 480 2366; x_wconf 89' lang='lat' dir='ltr'>Ierusalem</span> <span class='ocrx_word' id='word_1_146' title='bbox 495 2307 582 2366; x_wconf 88' lang='lat' dir='ltr'>hebet</span> <span class='ocrx_word' id='word_1_147' title='bbox 596 2307 682 2365; x_wconf 88' lang='lat' dir='ltr'>situm</span> <span class='ocrx_word' id='word_1_148' title='bbox 694 2306 750 2382; x_wconf 82' lang='lat'><strong>(6).</strong></span> <span class='ocrx_word' id='word_1_149' title='bbox 764 2306 818 2365; x_wconf 78' lang='lat' dir='ltr'>Hic</span> <span class='ocrx_word' id='word_1_150' title='bbox 831 2304 877 2363; x_wconf 90' lang='lat' dir='ltr'>est</span> <span class='ocrx_word' id='word_1_151' title='bbox 889 2303 1034 2363; x_wconf 82' lang='lat' dir='ltr'>Aaronita</span> 
     </span>
    </p>
   </div>
   <div class='ocr_carea' id='block_1_14' title="bbox 230 2401 1129 2479">
    <p class='ocr_par' dir='ltr' id='par_1_14' title="bbox 230 2401 1129 2479">
     <span class='ocr_line' id='line_1_23' title="bbox 230 2401 1129 2479; baseline -0.004 -16"><span class='ocrx_word' id='word_1_152' title='bbox 230 2404 330 2473; x_wconf 77' lang='lat' dir='ltr'>(laath,</span> <span class='ocrx_word' id='word_1_153' title='bbox 351 2406 431 2463; x_wconf 86' lang='lat' dir='ltr'>cuius</span> <span class='ocrx_word' id='word_1_154' title='bbox 451 2405 503 2464; x_wconf 88' lang='lat' dir='ltr'>filii</span> <span class='ocrx_word' id='word_1_155' title='bbox 523 2404 672 2479; x_wconf 88' lang='lat' dir='ltr'>portantes</span> <span class='ocrx_word' id='word_1_156' title='bbox 693 2404 816 2477; x_wconf 84' lang='lat' dir='ltr'>propriis</span> <span class='ocrx_word' id='word_1_157' title='bbox 836 2401 962 2461; x_wconf 89' lang='lat' dir='ltr'>humeris</span> <span class='ocrx_word' id='word_1_158' title='bbox 984 2419 1032 2460; x_wconf 89' lang='lat' dir='ltr'>se-</span> <span class='ocrx_word' id='word_1_159' title='bbox 1127 2405 1129 2412; x_wconf 91' lang='lat'>&#39;</span> 
     </span>
    </p>
   </div>
   <div class='ocr_carea' id='block_1_15' title="bbox 291 2665 1031 2970">
    <p class='ocr_par' dir='ltr' id='par_1_15' title="bbox 292 2665 1031 2811">
     <span class='ocr_line' id='line_1_24' title="bbox 293 2665 1031 2729; baseline 0 -14"><span class='ocrx_word' id='word_1_160' title='bbox 293 2669 316 2729; x_wconf 86' lang='lat'>1)</span> <span class='ocrx_word' id='word_1_161' title='bbox 334 2670 380 2717; x_wconf 91' lang='lat' dir='ltr'>ler.</span> <span class='ocrx_word' id='word_1_162' title='bbox 400 2668 438 2729; x_wconf 89' lang='grc'>14,</span> <span class='ocrx_word' id='word_1_163' title='bbox 455 2671 480 2717; x_wconf 86' lang='grc'>6.</span> <span class='ocrx_word' id='word_1_164' title='bbox 741 2668 767 2728; x_wconf 75' lang='grc'>2)</span> <span class='ocrx_word' id='word_1_165' title='bbox 783 2665 857 2716; x_wconf 82' lang='lat' dir='ltr'>Eecli.</span> <span class='ocrx_word' id='word_1_166' title='bbox 875 2667 915 2727; x_wconf 79' lang='grc'>84,</span> <span class='ocrx_word' id='word_1_167' title='bbox 934 2667 945 2713; x_wconf 98' lang='lat'>1</span> <span class='ocrx_word' id='word_1_168' title='bbox 964 2668 989 2715; x_wconf 90' lang='lat' dir='ltr'>et</span> <span class='ocrx_word' id='word_1_169' title='bbox 1006 2668 1031 2715; x_wconf 86' lang='grc'>7.</span> 
     </span>
     <span class='ocr_line' id='line_1_25' title="bbox 292 2749 872 2811; baseline -0.002 -15"><span class='ocrx_word' id='word_1_170' title='bbox 292 2749 316 2809; x_wconf 86' lang='grc'>3)</span> <span class='ocrx_word' id='word_1_171' title='bbox 334 2749 392 2797; x_wconf 84' lang='lat' dir='ltr'>Vide</span> <span class='ocrx_word' id='word_1_172' title='bbox 408 2750 508 2811; x_wconf 65' lang='lat' dir='ltr'>Bonam,</span> <span class='ocrx_word' id='word_1_173' title='bbox 526 2750 605 2798; x_wconf 77' lang='lat' dir='ltr'>Serm.</span> <span class='ocrx_word' id='word_1_174' title='bbox 623 2750 638 2797; x_wconf 82' lang='lat'><strong>3</strong></span> <span class='ocrx_word' id='word_1_175' title='bbox 654 2751 682 2798; x_wconf 86' lang='lat' dir='ltr'>de</span> <span class='ocrx_word' id='word_1_176' title='bbox 698 2750 723 2797; x_wconf 88' lang='lat' dir='ltr'>S.</span> <span class='ocrx_word' id='word_1_177' title='bbox 741 2750 768 2797; x_wconf 89' lang='lat' dir='ltr'>P.</span> <span class='ocrx_word' id='word_1_178' title='bbox 785 2749 872 2797; x_wconf 77' lang='lat' dir='ltr'>Franc.</span> 
     </span>
    </p>

    <p class='ocr_par' dir='ltr' id='par_1_16' title="bbox 291 2828 1028 2970">
     <span class='ocr_line' id='line_1_26' title="bbox 291 2828 1028 2890; baseline -0.001 -14"><span class='ocrx_word' id='word_1_179' title='bbox 291 2829 316 2889; x_wconf 88' lang='grc'>4)</span> <span class='ocrx_word' id='word_1_180' title='bbox 334 2830 406 2889; x_wconf 80' lang='lat' dir='ltr'>npoe.</span> <span class='ocrx_word' id='word_1_181' title='bbox 425 2832 449 2889; x_wconf 81' lang='lat' dir='ltr'>i,</span> <span class='ocrx_word' id='word_1_182' title='bbox 465 2830 490 2878; x_wconf 75' lang='lat'>2.</span> <span class='ocrx_word' id='word_1_183' title='bbox 811 2831 837 2890; x_wconf 82' lang='lat'>5)</span> <span class='ocrx_word' id='word_1_184' title='bbox 853 2829 913 2878; x_wconf 79' lang='lat' dir='ltr'>Gen.</span> <span class='ocrx_word' id='word_1_185' title='bbox 930 2828 971 2888; x_wconf 82' lang='lat'>44,</span> <span class='ocrx_word' id='word_1_186' title='bbox 990 2828 1028 2875; x_wconf 79' lang='lat'>12.</span> 
     </span>
     <span class='ocr_line' id='line_1_27' title="bbox 291 2909 495 2970; baseline 0.01 -14"><span class='ocrx_word' id='word_1_187' title='bbox 291 2909 495 2970; x_wconf 53' lang='lat' dir='ltr'>mmmm</span> 
     </span>
    </p>
   </div>
   <div class='ocr_carea' id='block_1_16' title="bbox 0 0 1146 3484">
    <p class='ocr_par' dir='ltr' id='par_1_17' title="bbox 0 0 1146 3484">
     <span class='ocr_line' id='line_1_28' title="bbox 0 0 1146 3484; baseline 0 0"><span class='ocrx_word' id='word_1_188' title='bbox 0 0 1146 3484; x_wconf 95' lang='lat' dir='ltr'> </span> 
     </span>
    </p>
   </div>
  </div>
 </body>
</html>
