2284 3484
233 249 273 307 98
499 267 640 308 samunus
662 266 773 308 aneurs.

235 454 346 514 unisti?
366 456 438 526 Quid
459 456 549 515 dicam
578 457 611 514 de
639 473 707 514 sexu
727 455 843 528 fragili?
863 455 964 527 Ipsum
989 470 1042 512 ue-
1103 471 1105 474 ·

234 553 315 611 luisti
336 557 423 623 nasci,
445 554 474 612 et
494 557 540 628 qui
562 555 626 612 erat
646 555 713 612 tuus
728 554 890 627 unigenitus
904 553 1042 625 proprius

234 651 335 721 Filius,
357 653 472 711 uoluisti
493 653 584 711 filium
599 653 726 725 Virginis
747 652 895 710 nominari.
914 651 1041 708 Multum

234 749 355 822 quidem,
377 750 503 820 Domine,
518 750 669 808 secundum
686 751 836 822 utrumque
857 765 952 806 seuurn
968 749 1043 806 exal·

234 847 305 905 testi
324 847 479 908 humanum
500 865 600 921 genus,
622 849 669 922 qui
692 847 744 905 tibi
764 847 907 920 aequalem
936 847 1043 905 Filium

235 946 351 1005 uoluisti
372 947 512 1005 hominem
538 964 607 1006 ease·
626 947 656 1004 et
683 947 772 1005 filium
800 947 934 1004 mulieris.
965 945 1043 1003 Nam

235 1044 287 1102 hee
317 1044 475 1103 dilectionis
506 1047 619 1118 signum
651 1063 719 1118 erga
749 1046 865 1117 angelos
893 1043 1044 1102 estendere

235 1142 369 1212 noluisti;
392 1159 449 1200 uon
470 1143 546 1200 enim
567 1142 687 1216 appetas
708 1141 908 1214 apprehendit,
923 1143 976 1200 sed
999 1157 1044 1199 se·

235 1256 299 1297 men
320 1238 460 1326 libratae
480 1240 673 1313 apprehendit
686 1240 742 1315 (1).

316 1338 418 1395 Mirum
447 1339 491 1395 est
518 1339 603 1411 certe,
626 1338 762 1412 quomode
783 1354 851 1410 prae
875 1337 918 1394 tui
947 1353 1043 1395 amere

235 1433 320 1494 eorda
348 1434 469 1493 filiorum
502 1436 645 1494 homiuum
679 1451 734 1494 nen
766 1435 940 1494 scindantur.
970 1435 1044 1504 Quid

237 1533 310 1590 enim
331 1531 434 1591 habuit
451 1534 527 1591 Deus
549 1535 627 1592 aliud
648 1534 748 1602 faeere,
775 1551 868 1606 quen,
889 1551 953 1591 cum
983 1549 1043 1605 pee-

171 1669 175 1677 .
234 1629 373 1698 'cavimus
393 1633 422 1688 in
456 1631 559 1689 inferni
592 1649 643 1689 uus
672 1631 842 1704 profundum
869 1631 987 1688 deiicere
1015 1629 1044 1688 et

237 1728 322 1786 aliam
351 1729 515 1788 nobiliorem
545 1730 714 1797 ereaturam,
744 1731 767 1787 si
789 1728 910 1795 volebat,
942 1729 971 1786 iu
986 1729 1044 1786 viu-

238 1824 329 1882 stauti
349 1828 466 1884 creare?
486 1826 600 1895 Quanta
622 1826 677 1884 fuit
696 1826 753 1884 ista
767 1826 818 1884 Dei
832 1825 953 1893 dileetio,
968 1825 1042 1898 qued

238 1922 304 1994 post
330 1923 444 1995 lapsum
465 1924 600 1996 dignatus
621 1923 665 1982 est
686 1940 737 1982 nes
758 1939 892 1996 quaerere
913 1923 974 1979 tani
996 1923 1044 1979 be-

238 2022 323 2093 nigne
344 2021 373 2079 et
394 2023 460 2093 pest
480 2023 539 2079 eius
567 2021 703 2080 offensam
729 2038 781 2080 nos
808 2021 931 2093 amplius
957 2037 1043 2093 quam

239 2120 319 2190 prius
343 2120 489 2177 exaltare?
515 2119 588 2190 Quid
616 2120 671 2178 fuit
695 2120 792 2178 estune
813 2118 950 2192 Nunquid
971 2118 1043 2175 exal·

238 2217 374 2274 tationem
390 2219 493 2275 meruit
507 2219 606 2276 nestra
620 2220 724 2290 eulpa?
744 2218 824 2276 Certe
841 2233 914 2285 n0n3
935 2217 993 2285 sed,
1009 2233 1044 2274 ne

238 2330 256 2371 a
277 2313 306 2371 te
326 2315 450 2386 amplius
470 2314 640 2388 ingeremus,
662 2315 814 2372 humanam
836 2313 970 2372 naturam
992 2313 1044 2370 tibi

239 2413 320 2469 unire
350 2413 580 2484 inseparabiliter
601 2415 725 2472 voluisti.
746 2414 824 2480 ¹Mira
856 2410 969 2469 videtur
994 2413 1044 2469 tua

239 2509 359 2578 dilectio,
388 2510 465 2568 Deus
492 2528 579 2579 meus,
601 2511 674 2584 quod
694 2511 723 2568 te
750 2510 875 2569 odientes
900 2509 996 2582 diligis
1016 2509 1046 2566 et
1132 2573 1133 2584 χ

240 2607 359 2664 exaltas.
387 2609 415 2665 Si
443 2626 510 2682 erge
535 2626 597 2678 nes,
625 2611 672 2682 qui
701 2626 798 2667 sumus
822 2608 902 2676 nihil,
930 2608 1043 2666 tantum
1132 2593 1133 2670 t

240 2705 336 2778 diligis
356 2707 403 2777 qui
424 2723 455 2764 ea
486 2723 622 2776 summus,
650 2725 700 2766 eur
727 2723 788 2765 uus
805 2707 901 2764 miseri
929 2705 958 2764 te
989 2722 1043 2764 neu

241 2841 401 2849 ——-—

306 2918 521 2977 nmen
