2284 3484
116 1536 236 1583 Praefatio
249 1566 751 1584 .............
769 1533 834 1593 Poe.
899 1546 914 1579 r

116 1618 230 1674 Prologus
248 1646 835 1663 ...............
900 1614 912 1660 l

116 1696 195 1745 cirne
210 1697 230 1743 Ι.
247 1695 354 1755 Qualiter
370 1696 438 1743 homo
455 1693 532 1755 possit
548 1692 649 1753 amplius
664 1692 690 1740 in
706 1694 766 1740 bono
782 1708 834 1753 pro-

178 1777 246 1823 licere
262 1778 287 1823 et
304 1777 349 1823 Deo
365 1774 440 1833 magio
457 1776 548 1833 plaeere
579 1771 589 1819 .’
620 1805 834 1820 ......
898 1774 912 1819 t

117 1856 195 1905 Geron
212 1857 242 1903 II.
260 1855 325 1914 Quod
341 1854 449 1902 mirabile
464 1855 510 1912 est,
528 1854 600 1900 Deum
616 1854 752 1911 gustantem
768 1865 836 1911 posse

179 1938 289 1984 affectare
305 1934 369 1982 aliud
372 1966 833 1981 ............
884 1931 912 1979 14
968 1917 971 1921 ’

116 2018 195 2065 Carne
211 2016 252 2063 Ill.
271 2016 306 2063 Ad
318 2013 488 2074 reprimendam
500 2012 657 2061 tentationem
669 2013 697 2059 de
707 2011 835 2071 praedesti·

178 2096 275 2144 natione
291 2098 316 2143 et
332 2096 359 2142 de
378 2094 535 2155 praescientia
539 2126 835 2141 ........
885 2091 913 2138 15

116 2178 194 2226 Graue
211 2178 251 2224 IV.
269 2176 332 2236 Quae
349 2177 413 2233 aunt,
426 2188 485 2233 qune
501 2175 590 2221 ducunt
605 2172 721 2220 heminam
737 2173 767 2219 ad
783 2186 835 2220 eon·

178 2256 340 2316 templationis
356 2255 457 2313 quietem
496 2286 833 2301 .........
885 2252 913 2297 19

116 2338 194 2385 Graue
212 2339 240 2384 V.
258 2337 346 2385 Contra
358 2335 490 2395 superbiam
494 2367 832 2383 .........
880 2332 912 2379 23

116 2417 194 2465 Garum
211 2418 250 2463 ll.
269 2416 333 2475 Quod
350 2415 421 2463 utiles
438 2418 495 2463 eunt
504 2414 651 2463 tentationes
667 2414 741 2462 servia
751 2412 794 2460 Dei
827 2447 834 2459 .
881 2412 913 2458 28

116 2498 194 2545 Cerne
211 2497 262 2543 vll.
280 2496 388 2555 Qualiter
404 2497 471 2543 homo
487 2496 582 2543 ordinet
598 2494 755 2554 cogitationes
770 2507 834 2541 suaa.
883 2493 912 2539 32

117 2578 195 2625 Onruu
211 2578 272 2623 vlu.
291 2576 356 2635 Quod
366 2576 445 2623 anima
456 2576 481 2623 in
492 2576 689 2635 contemplatione
704 2573 836 2622 inebriatur

179 2672 257 2705 amore
273 2656 391 2705 Creatoris
412 2689 833 2703 ...........
882 2654 912 2701 37

117 2738 195 2786 (lirun
211 2738 253 2784 IX.
272 2737 388 2796 Quomodo
404 2738 483 2783 anima
499 2738 555 2783 ante
574 2738 668 2795 raptum
684 2734 837 2782 diversimode

179 2819 311 2867 inebriatur
331 2848 834 2866 .............
881 2813 914 2861 lo

117 2900 196 2950 citur
213 2900 244 2947 X.
262 2900 327 2960 Quod
348 2900 416 2947 homo
431 2898 523 2947 ferveat
538 2898 569 2945 ad
585 2910 655 2958 opere
670 2895 714 2944 Dei
746 2930 752 2943 .
787 2930 794 2943 .
828 2929 835 2943 .
883 2893 914 2943 44
