2284 3484
291 242 296 251 ·
419 247 509 292 carun
531 245 559 293 u.
854 228 892 290 25

839 349 892 360 ——n

168 442 224 499 Sed
254 443 337 500 diois:
360 442 395 500 Ι11
423 459 467 500 me
493 441 527 500 de
556 441 648 500 cetero
673 441 738 499 noio
766 441 892 513 gloriari,

92 540 138 597 sed
158 539 196 598 ab
218 540 379 599 hominihus
400 541 482 612 cupio
507 539 705 598 commendari.
726 538 788 607 Sed,
809 539 893 611 impie

91 637 173 706 latro,
195 638 273 695 audi.
294 638 396 696 Nonne
424 638 545 696 stultum
572 638 626 705 est,
651 637 813 710 largissimo
840 637 894 694 Do

92 736 173 803 mino,
196 737 246 808 qui
267 737 360 794 omnia
381 735 490 793 tribuit
513 735 703 806 abundanter,
723 734 813 792 iurari
840 734 894 790 sibi

90 832 168 903 iilud,
183 833 260 906 quod
274 833 319 890 est
332 834 356 891 ei
377 835 563 902 carissimum,
579 834 707 902 maxime,
727 832 775 890 ubi
790 831 893 899 videat,

90 931 161 1002 quod
183 931 239 989 sibi
260 929 409 1004 displiceat
430 932 459 988 ot
480 932 621 989 sustinere
642 947 698 988 non
719 929 836 987 ualeat?
848 929 893 986 Sio

91 1027 197 1086 stultus
226 1029 271 1086 est
298 1029 347 1102 qui
373 1029 409 1086 ab
438 1028 599 1087 homiuibus
632 1027 743 1086 laudem
772 1026 893 1100 quaerit.

90 1125 219 1199 Ideoque,
234 1143 297 1185 oum
312 1126 446 1185 uniuersa
464 1130 583 1198 propter
595 1127 779 1197 semetipsam
793 1140 893 1196 opera-

91 1226 135 1283 tos
147 1226 188 1284 sit
197 1226 348 1284 Dominus
356 1224 411 1300 (1),
427 1241 523 1284 omnes
536 1224 635 1282 laudes
648 1225 796 1296 omniaque
810 1222 893 1281 laude

91 1322 175 1394 digna
195 1323 234 1380 ad
261 1323 395 1382 honorem
423 1323 529 1381 referas
558 1323 609 1380 Dei
637 1322 696 1391 tui;
718 1323 746 1379 iu
775 1320 804 1378 te
830 1321 892 1392 ipso

89 1421 180 1494 cogita
202 1419 363 1494 diiigenter,
385 1422 458 1494 quod
481 1421 516 1478 ad
543 1421 597 1479 hoo
616 1420 730 1478 oreatus
749 1436 779 1476 es
803 1419 893 1476 atre

89 1517 230 1590 demptus,
253 1518 287 1576 ut
307 1535 363 1577 non
385 1518 426 1586 tu,
443 1518 489 1576 sed
512 1518 588 1576 Deus
602 1519 630 1574 in
646 1518 674 1574 te
688 1518 746 1574 tuis
760 1515 893 1588 operibus

89 1616 307 1675 commendetur.
332 1617 384 1674 Tui
406 1633 472 1687 ergo
495 1615 606 1674 Domini
628 1614 805 1673 uoluntatem
827 1612 891 1669 iide-

89 1713 151 1771 liter
171 1699 346 1786 exsequaris
367 1712 401 1771 ut
420 1713 531 1770 laudari
553 1712 716 1778 abhorreas
738 1711 827 1768 Deum
845 1727 892 1768 au·

89 1809 142 1868 tem
163 1812 201 1868 ab
223 1811 353 1869 omnibus
369 1811 493 1884 gaudeas
508 1811 637 1867 exaltari.
652 1809 690 1866 Et
708 1808 815 1881 quanto
836 1825 892 1865 ma·

88 1910 130 1980 gis
150 1910 230 1967 Deus
247 1909 284 1966 ah
304 1909 399 1982 aliquo
413 1907 634 1975 commendatur,
648 1906 730 1965 tanto
750 1908 779 1964 in
800 1907 892 1963 maius

88 2007 221 2077 gandium
257 2007 374 2064 eleveris
405 2005 434 2064 et
465 2005 594 2073 studeas,
629 2004 767 2078 quantum
800 2003 890 2076 poteo,

90 2105 189 2172 mente,
211 2104 311 2177 lingua
333 2104 362 2162 et
389 2119 472 2176 opere
493 2103 582 2161 Deum
612 2102 693 2160 tunm
721 2103 796 2160 omni
824 2102 892 2158 tem·

89 2217 152 2272 pore
173 2202 324 2269 honorare,
346 2218 457 2274 semper
477 2201 543 2259 aotu
565 2201 656 2259 solum
678 2217 758 2257 suam
779 2198 890 2255 laudem

87 2299 245 2358 intendens.
266 2299 295 2357 Si
315 2301 389 2358 enim
411 2299 479 2356 hene
499 2299 631 2372 diligeres
644 2298 795 2356 Dominum
810 2295 891 2352 tunm

87 2397 199 2470 eiusque
225 2396 359 2455 honorem
387 2397 545 2469 appeteres,
578 2395 611 2453 ut
638 2394 765 2461 deberes,
791 2393 891 2451 malles

88 2495 308 2567 quibuscumque
322 2495 508 2552 amarissimis
523 2511 633 2566 semper
648 2485 725 2564 pasci
738 2492 768 2550 et
782 2492 891 2548 stereus

88 2591 121 2653 ab
141 2592 274 2651 omnibns
294 2591 432 2664 reputari,
452 2593 537 2650 immo
559 2591 695 2663 tanquam
718 2589 828 2646 stercus
854 2588 891 2645 ah

88 2691 214 2748 omnibus
235 2689 384 2748 abhorreri
411 2689 439 2748 et
464 2690 600 2763 tanquam
631 2688 724 2746 lutum
756 2686 890 2746 foetidum

89 2825 247 2838 .-..,.-....

148 2905 170 2964 l)
188 2905 259 2950 Prov.
282 2902 319 2960 16,
338 2901 361 2948 4.
