2284 3484
321 1129 423 1192 Oontn
444 1130 601 1210 superbiam
615 1131 673 1207 (1).

175 1363 199 1422 Ο
227 1363 357 1436 superbo,
386 1379 401 1422 o
429 1363 538 1421 luciferi
569 1360 716 1420 imitatori
741 1360 898 1434 responde:

92 1461 233 1534 Nunquid
253 1461 282 1519 io
303 1460 411 1533 cogitas
432 1476 493 1518 csso
514 1459 614 1526 Deum,
634 1475 672 1516 an
694 1459 787 1517 omnia
807 1472 900 1535 ossea

93 1558 153 1617 Doo
174 1558 313 1631 ignoras?
340 1558 368 1616 Si
397 1573 502 1630 crgoa
530 1556 558 1614 ic
590 1572 651 1614 esso
678 1554 785 1627 aliquid
806 1552 901 1626 proto·

94 1655 194 1724 static,
214 1655 290 1714 ccrtc
319 1655 348 1713 ic
369 1654 459 1712 Deum
487 1670 547 1712 csse
568 1653 677 1719 fatoris.
698 1651 751 1710 seo
777 1644 901 1724 amplius

93 1752 168 1822 vido,
189 1752 224 1810 ui
244 1751 295 1811 ina
315 1752 427 1811 insania
441 1750 624 1823 reprimatur.
639 1750 740 1809 Nonne
754 1749 787 1806 do
800 1749 901 1806 alionis

94 1850 219 1908 stultum
242 1849 288 1908 osi
314 1850 455 1923 gloriari?
475 1848 544 1906 Com
575 1853 642 1921 orgo
669 1846 772 1905 cuncto
798 1844 858 1905 sint
883 1862 901 1903 a

95 1949 165 2016 Deo,
187 1949 212 2006 si
240 1948 373 2021 gloriaris
394 1948 427 2006 dc
455 1947 561 2020 aliquo,
590 1945 619 2002 io
647 1944 813 2017 comprobas
840 1959 901 2002 osso

95 2045 237 2116 stolium
270 2047 293 2104 si
325 2046 421 2105 autem
448 2044 500 2104 hoc
528 2046 652 2117 ignoras,
681 2042 710 2100 to
736 2041 902 2115 comprobas

95 2161 157 2203 esse
179 2159 300 2202 caccum
322 2143 397 2201 Audi
424 2158 501 2216 ergo,
526 2143 635 2199 insano.
661 2140 690 2198 Si
720 2141 837 2213 gloriari
859 2140 902 2196 ris

95 2242 126 2300 ot
154 2239 264 2300 stultus
292 2257 430 2314 apparcro
461 2256 517 2298 non
538 2241 592 2308 vis,
613 2237 726 2297 excludo
747 2254 818 2311 quao
846 2253 902 2296 non

96 2339 167 2398 sunt
187 2339 239 2398 tua
259 2339 289 2398 ci
319 2338 352 2397 dc
384 2339 491 2411 reliquo
522 2336 668 2410 glorioris;
692 2336 739 2394 sed
766 2335 850 2404 ceria,
878 2335 903 2392 si

96 2438 192 2499 omnia
220 2453 276 2497 non
297 2437 347 2495 tua
375 2437 537 2504 exclusoris,
558 2436 589 2492 in
609 2434 728 2492 nihilum
757 2432 903 2506 redigeris.

96 2536 174 2608 Ergo
196 2523 232 2592 do
251 2534 340 2594 nihilo
359 2535 491 2608 gloriam,
514 2535 537 2590 si
558 2548 616 2592 non
637 2532 680 2589 ris
700 2533 843 2589 incurrero
857 2546 903 2588 ra·

96 2633 230 2692 nitatem.

97 2765 260 2776 -..-.-—--

163 2844 186 2906 1)
204 2842 254 2892 Cir.
273 2843 374 2904 Bonan,
386 2841 423 2889 Dc
435 2841 590 2904 perfectione
601 2841 667 2889 oitac
679 2839 713 2887 co
727 2853 834 2899 norom,
844 2853 866 2890 c.
878 2839 902 2890 2.
