2284 3484
448 235 538 280 csrur
559 235 588 281 r.
879 217 917 278 27

113 428 223 501 aliquid
244 427 297 485 tibi
318 427 385 485 dare
406 427 486 487 raico
506 428 561 484 nisi
582 427 674 488 tuum.
694 425 766 499 Scio,
781 420 860 498 ¹quid
881 423 920 484 fa·

114 527 197 584 ciam.
211 524 257 584 Me
271 525 323 583 tibi
338 525 466 584 totaliter
481 524 615 585 exhibebo
630 525 659 583 et
674 542 717 604 me
731 523 822 583 totum
839 523 921 597 proii-

114 625 188 683 oiam
210 624 239 682 iu
260 624 288 682 te
302 624 396 696 ipsum
417 623 447 682 et
467 639 578 696 semper
592 623 693 682 timore
713 623 743 681 et
762 621 921 681 reuerentia

115 722 220 794 plenus
247 721 308 790 tibi,
336 721 474 794 quantum
496 720 604 795 potero,
629 720 816 779 reverentiam
843 718 922 777 exhi·

114 818 187 878 bebo
211 819 249 887 et,
270 820 293 877 si
315 818 485 892 dignaberis,
507 819 559 877 tibi
581 818 702 878 fideliter
721 818 853 877 continue
873 818 922 876 mi·

115 916 263 987 nistrabo;
284 915 313 975 et
334 916 358 975 si
385 917 437 976 hoo
458 933 559 989 parum
581 918 629 986 sit,
657 915 762 986 omen,
782 916 849 989 quia
870 914 921 973 ieci

116 1015 193 1088 quod
214 1013 303 1088 potui,
324 1015 505 1088 approbabis.

198 1112 251 1171 Sed
272 1113 324 1172 hoo
344 1115 496 1172 marimum
518 1113 571 1183 est,
593 1113 618 1170 si
639 1129 682 1171 me
703 1111 867 1186 dignaberis
881 1110 919 1168 te·

116 1227 182 1268 cum
204 1211 232 1268 in
255 1227 321 1269 area
336 1209 381 1286 (1)
403 1211 578 1271 commorari.
607 1209 632 1269 0
651 1227 737 1283 quam
764 1208 833 1266 mihi
853 1208 922 1266 tunc

115 1308 208 1367 dulcis
229 1309 304 1367 esset
327 1308 378 1367 tua
398 1308 570 1382 praesentia,
592 1325 700 1366 summe
728 1306 849 1365 bonomi
870 1305 922 1364 Ac·

117 1406 214 1465 cedam
236 1422 298 1464 oum
321 1407 433 1466 silentio
461 1406 490 1465 et
510 1407 711 1478 discooperiam
737 1404 822 1477 pedes
848 1404 921 1484 tuos,

117 1503 153 1562 ut
173 1520 217 1562 me
238 1504 363 1578 digneris
384 1504 521 1563 aduenam
536 1504 589 1562 tibi
608 1505 637 1561 iu
653 1502 862 1562 matrimonium
877 1516 923 1559 co-

119 1602 230 1675 pulare.
242 1601 307 1661 Nou
322 1604 463 1675 quiescam
478 1602 562 1670 certe,
573 1601 660 1660 donec
673 1600 732 1658 tuis
745 1599 922 1672 amplexibus

116 1699 255 1774 gaudeam
278 1699 307 1758 et
327 1700 510 1759 inenarrabili
531 1700 676 1758 dulcedine
702 1698 866 1769 consopitus
893 1698 922 1755 in
1016 1755 1021 1762 ,

118 1798 177 1856 tuis
199 1797 322 1858 brachiis
350 1799 531 1871 requiescam.
558 1798 637 1856 Tunc
658 1796 764 1855 deliciis
788 1794 922 1867 affluam,

117 1897 147 1953 ct
167 1893 366 1954 admirabitur
386 1899 414 1953 et
434 1894 611 1952 dilatabitur
638 1909 688 1951 cor
708 1909 803 1951 meam
817 1892 874 1967 (2),
893 1891 923 1950 et
1002 1951 1006 1956 ,

117 1992 192 2050 mira
206 1993 347 2051 suavitate
362 1992 471 2065 pot'tus
484 1992 556 2050 nihil
569 1993 625 2050 uisi
639 1992 667 2050 te
681 1991 779 2063 potero
788 1990 923 2064 cogitare.

118 2090 258 2149 Attamen
280 2107 408 2149 exnunc
440 2091 563 2158 obsecro,
584 2089 715 2149 amabilis
735 2089 863 2157 Domine,
890 2087 924 2146 ut

119 2203 181 2246 meo
203 2188 333 2261 regimini
360 2189 440 2247 nullo
467 2187 593 2259 tempore
621 2203 665 2244 me
691 2186 829 2256 dimittas,
857 2186 924 2259 quia

118 2301 184 2344 sum
199 2301 276 2344 meae
289 2286 400 2344 animae
414 2286 554 2344 lacerator
565 2285 595 2343 ot
608 2283 780 2357 dilapidator
790 2284 881 2357 ipsius
895 2280 925 2340 et

117 2384 244 2443 omnium
258 2398 364 2452 oerum,
382 2399 454 2456 quae
472 2383 541 2440 mihi
554 2383 678 2442 volueris
698 2382 829 2454 elargiri;
851 2378 924 2439 sicut

116 2483 170 2541 illa
191 2481 303 2556 tribuis,
319 2483 359 2538 sic
378 2480 463 2540 etiam
484 2481 517 2539 tu
537 2497 570 2538 ea
590 2497 735 2548 conserva,
749 2479 778 2538 et
798 2479 850 2536 tibi
871 2479 924 2537 soli

117 2579 158 2640 sit
178 2595 291 2650 semper
311 2577 401 2653 hopor
421 2577 450 2637 et
470 2579 562 2652 gloria
582 2578 611 2634 in
632 2577 787 2636 aeternum.
809 2576 910 2634 Amen.

118 2687 283 2699 ......—-—-·

183 2747 207 2806 1)
226 2745 276 2794 cn.
293 2745 358 2793 autu
375 2759 397 2792 ο.
415 2745 439 2793 a.
749 2743 775 2803 a)
791 2743 823 2791 ιε.
841 2742 881 2803 co,
898 2743 923 2791 s.

408 2894 640 2922 ...mo—
