2284 3484
457 241 547 285 esron
568 243 616 283 xx.
879 224 938 283 119

140 435 231 502 turae,
252 450 315 492 oum
337 434 413 492 Dens
434 452 513 492 meus
526 421 597 491 velit
617 434 720 492 habere
740 433 833 491 illud?
846 433 940 490 Etiam

139 533 169 589 in
190 549 234 590 me
256 534 318 604 ipso
337 534 410 600 nolo,
425 533 500 606 quod
521 533 666 590 remaneat
683 532 791 600 amodo,
807 531 855 590 sed
869 531 941 601 volo,

140 630 173 687 nt
194 630 323 689 totaliter
345 632 502 703 requieseat
522 633 551 688 in
574 633 610 700 te,
630 632 677 704 qni
698 630 799 688 creasti
821 629 892 687 illud
906 630 941 686 ad

140 728 313 787 laudandum
336 729 374 787 te.
394 730 497 788 Melius
517 730 562 788 est
584 731 666 798 enim,
689 729 762 803 quod
782 745 829 788 eor
849 745 941 786 meum

141 826 287 885 remaneat
306 829 336 884 in
356 829 473 885 aeterna
493 828 678 897 iucunditate,
695 829 723 886 in
744 828 840 885 divina
860 828 943 884 meie-

140 926 227 994 state,
247 928 277 983 in
297 927 434 984 immensa
456 927 580 985 bonitate
602 943 686 999 quam
712 927 741 983 in
765 943 827 982 mea
855 924 943 998 fragi-

96 1033 100 1039 '
140 1024 233 1092 litate,
255 1025 283 1082 in
305 1024 355 1082 tna
376 1023 481 1082 deitate
502 1043 587 1098 qnam
607 1026 636 1082 in
657 1041 719 1082 mea
739 1023 898 1096 iniquitate.

221 1123 250 1180 Si
271 1123 323 1182 hoc
343 1123 455 1192 habere,
477 1140 493 1182 o
513 1123 741 1195 contemplative,
763 1123 851 1194 cupis,
869 1122 943 1179 mnt-

141 1220 203 1278 tnm
223 1221 305 1280 eorde
325 1222 465 1280 desideres
485 1223 514 1280 et
534 1221 706 1293 confidenter
733 1238 780 1280 oro
805 1221 942 1293 postules,

141 1318 170 1376 et
191 1317 366 1378 desiderium
386 1321 503 1378 animae
523 1320 589 1378 tuae
611 1320 662 1378 tibi
684 1320 790 1381 tribuet
810 1319 895 1387 Dens,
915 1319 943 1376 et
1011 1361 1012 1370 ,

139 1417 290 1475 uoluntate
304 1419 357 1475 tun
370 1435 431 1475 non
444 1416 651 1488 fraudoberi35
664 1418 712 1476 sed
727 1417 849 1476 mentem
864 1417 943 1474 tuem

140 1516 256 1573 elevans
275 1517 308 1572 in
329 1515 570 1574 benedictionibus
584 1516 744 1576 dulcedinis
755 1515 800 1591 (1)
818 1516 846 1572 te
855 1532 943 1589 prue-

140 1613 235 1671 oeniet
262 1613 300 1680 et,
322 1613 458 1686 tanquam
487 1631 597 1672 ebrona
622 1614 726 1686 lepidis
754 1614 879 1687 pretiosi,
901 1631 944 1671 se-

141 1711 262 1783 metipso
283 1697 405 1770 menum
425 1713 504 1770 tuam
525 1713 726 1772 circundabit.

223 1810 345 1883 Regula:
353 1811 459 1870 Nullus
470 1812 565 1884 potest
576 1811 696 1884 perfecte
711 1811 835 1870 invenire
844 1811 942 1880 Deum,

142 1910 191 1982 qui
213 1925 244 1966 se
263 1909 386 1981 perfecte
407 1927 463 1968 non
484 1910 586 1984 perdit.

143 2045 302 2054 ----

207 2123 231 2182 1)
248 2123 288 2169 Pe.
305 2122 345 2181 20,
363 2124 378 2170 2
394 2124 419 2169 ot
436 2123 462 2178 33
481 2122 589 2180 sequitur
606 2120 661 2169 Issi.
680 2123 719 2180 61,
739 2121 777 2168 lo.
