2284 3484
218 242 276 302 110
481 260 622 302 sumanus
642 259 756 302 siconis.

217 449 397 522 passionibus
418 449 526 508 Christi
547 465 602 508 non
624 451 746 522 compati
761 450 790 508 et
804 449 878 508 tanti
893 449 1020 506 beneficii

216 547 363 620 ingratum
384 547 528 606 existere?
548 547 608 605 Aut
630 547 696 620 quid
717 547 889 606 fructuosius
906 547 937 604 ot
957 563 1020 604 sua·

218 646 290 714 vius,
305 661 391 717 quam
409 645 487 703 illins
502 647 643 717 passionis
657 663 690 702 ox
704 645 785 704 corde
799 645 1020 716 compassionem

218 742 332 814 plenam
351 744 474 815 gerare?
495 742 574 811 Quod
595 742 665 800 bene
686 743 783 800 nullus
804 741 899 814 potest
919 741 1020 809 facere,

217 841 272 897 nisi
288 841 336 912 qui
357 840 396 898 sit
416 841 549 898 iniuriam
563 842 707 912 expertus.
722 840 781 897 Aut
794 840 838 898 dic
852 839 937 897 milri:
953 839 1020 912 quid

218 937 341 996 nobilius
362 955 447 1011 quum
467 938 621 996 assimilari
642 938 714 996 Filio
736 939 808 996 Dei?
822 937 975 1007 Quomodo,
997 939 1020 995 si

219 1036 271 1093 sibi
292 1036 443 1094 dissimiles
463 1036 600 1094 fuerimus
628 1053 678 1108 per
699 1036 904 1095 consolationes
925 1036 954 1093 et
974 1035 1021 1093 ho

218 1151 311 1203 nores,
332 1136 437 1192 orimus
459 1134 511 1192 sibi
533 1135 691 1192 confratres
712 1135 741 1192 in
763 1135 874 1207 regno?
897 1134 1021 1190 Minime.

298 1231 371 1302 orio
399 1235 472 1290 enim
499 1232 717 1291 abominabilius
738 1249 822 1304 quam
843 1231 947 1300 nidore,
971 1247 1022 1304 pro

219 1346 262 1388 me
283 1330 406 1389 stercore
427 1331 531 1399 Filium
553 1331 604 1388 Dei
632 1331 661 1388 in
689 1331 817 1388 assumta
842 1330 1022 1388 humanitate

218 1429 337 1486 iniurias
358 1428 387 1485 et
407 1427 560 1500 opprobria
581 1429 730 1496 sustinere,
745 1428 864 1485 mortem
885 1429 1022 1500 grauissi-

219 1543 294 1583 mam
315 1525 345 1583 ot
364 1527 561 1598 turpissimam
582 1526 713 1594 tolerare,
736 1526 765 1584 ot
786 1526 858 1583 uelle
879 1525 915 1585 ab
937 1527 1023 1584 omni·

220 1623 273 1680 bus
293 1622 427 1682 honorari
449 1625 479 1682 et
498 1624 605 1682 deliciis
632 1625 734 1682 affini?
754 1623 777 1682 0
798 1623 890 1691 homo,
912 1624 1023 1680 stercus

220 1722 249 1779 et
270 1722 335 1792 plus
356 1739 441 1795 quam
462 1722 590 1780 stercus!
613 1739 665 1794 pro
685 1722 798 1790 iniuria,
812 1738 897 1794 quam
919 1721 1023 1778 sibilo

219 1836 307 1887 ceras,
328 1822 389 1892 ipse
411 1818 593 1892 s'emotipsum
608 1821 644 1878 ad
658 1820 729 1878 talia
743 1819 886 1887 iudicavit,
902 1821 963 1895 ipse
981 1836 1024 1876 ac-

220 1918 334 1976 cusator
350 1916 393 1992 (1)
416 1917 444 1975 et
465 1918 547 1975 iudex
568 1934 697 1990 superse
713 1917 821 1976 reflexit
837 1917 980 1986 iudicium,
995 1917 1024 1974 at

221 2015 254 2072 tu
275 2032 370 2074 coram
390 2031 430 2084 eo,
453 2017 501 2087 qui
521 2014 614 2074 adhuc
642 2016 694 2074 sibi
720 2016 875 2083 iniuriaris
896 2016 941 2072 vis
963 2032 1023 2088 per·

221 2113 344 2170 transito
365 2114 524 2170 immunis?
542 2113 649 2172 Saltem
677 2128 771 2172 coram
799 2113 888 2172 oculis
911 2115 952 2171 sic
973 2128 1024 2185 pro

221 2212 249 2268 te
270 2212 368 2270 afflicti
391 2211 543 2284 praetende
563 2228 718 2270 moerorem
743 2212 771 2270 et
797 2211 877 2270 cordo
906 2211 934 2269 te
956 2211 1024 2270 offer

221 2309 257 2366 ad
272 2310 428 2367 consimilia
447 2310 620 2381 patiendum.
637 2309 718 2367 Certe
733 2326 788 2367 non
803 2309 924 2376 dubites,
940 2309 1023 2382 quod,

221 2423 254 2463 ex
282 2424 336 2479 quo
365 2407 409 2464 ost
438 2423 489 2479 pro
517 2408 545 2465 to
574 2407 745 2466 sufficienter
773 2407 900 2479 punitus,
923 2407 947 2464 si
972 2407 1025 2466 hou

220 2505 324 2562 iterum
346 2505 486 2563 sustinere
502 2506 624 2563 volueris
639 2506 667 2563 et
685 2506 745 2564 toto
762 2505 917 2577 appetieris
932 2506 1023 2578 corde,

222 2619 278 2661 non
299 2603 461 2672 sustinebit,
476 2603 509 2661 ut
523 2604 630 2662 scilicet
644 2603 704 2661 tam
723 2603 833 2671 acerba,
848 2603 945 2676 qualia
964 2605 1025 2676 ipse

222 2700 367 2770 sustinuit,
389 2702 541 2770 sustineas,
556 2706 622 2774 qnia
640 2718 695 2759 non
716 2701 789 2770 uult,
808 2700 841 2758 ut
863 2717 914 2774 pro
928 2701 1024 2759 eadem

223 2836 382 2844 ι-----

287 2914 309 2974 1)
327 2912 376 2960 Alii
393 2917 481 2959 auctor
491 2914 530 2960 vol
545 2916 625 2959 octor.
