2284 3484
97 366 899 438 eremo&

365 989 484 1089 pepo
510 991 627 1091 Q·

200 1219 251 1280 Vir
270 1220 501 1298 contemplativus
522 1240 578 1281 uon
598 1228 709 1299 reputet
729 1221 797 1282 elios

360 1318 576 1397 imperfectiores
597 1338 636 1380 se.

180 1533 245 1592 Non
260 1550 373 1592 cessans
393 1534 530 1608 antiquus
543 1533 644 1603 hostis,
659 1551 720 1592 cum
736 1550 791 1593 non
807 1535 902 1607 potest

99 1633 191 1690 vnum
213 1632 464 1706 contemplativum
486 1634 516 1690 in
537 1631 589 1691 hoc
616 1633 752 1704 decipere,
772 1634 805 1691 ut
833 1633 902 1690 velit

98 1730 170 1789 alios
191 1729 325 1799 iudicare,
353 1730 454 1788 saltem
482 1730 591 1788 adhoc
617 1731 721 1788 nititur
746 1747 793 1789 cos
820 1729 902 1788 dedu-

98 1845 169 1898 cere,
191 1828 234 1897 ut,
252 1828 442 1901 ‘quiavident
456 1830 528 1886 sein
543 1828 642 1886 multis
663 1828 744 1886 bonis
761 1829 901 1902 operibus,

99 1944 170 2000 quae
192 1927 248 2000 ipsi
261 1926 377 1995 faciunt,
401 1927 544 2000 proficere,
559 1928 630 1986 alios
650 1927 827 1998 imperfectos
842 1944 902 1985 esso

99 2025 233 2094 iudicent,
254 2026 320 2098 quia
342 2026 445 2084 eisdem
471 2042 525 2084 non
547 2026 651 2084 vacant
677 2025 830 2094 laboribus
852 2026 902 2082 out

98 2124 184 2192 certe,
205 2125 272 2196 quia
293 2124 398 2192 eedem,
418 2142 473 2196 qua
504 2125 568 2196 ipsi,
590 2124 740 2183 solitudine
761 2125 789 2180 et
810 2124 903 2197 quiete

100 2223 159 2281 sire
174 2223 273 2296 vigilie
293 2222 322 2280 ot
335 2222 509 2280 abstinentia
522 2239 580 2281 non
600 2223 730 2291 utuntur,
746 2222 793 2281 sod
808 2223 903 2295 potius

8 2334 9 2343 ¹
99 2337 146 2382 eos
167 2320 266 2379 rident
293 2321 444 2379 secundum
466 2338 548 2380 suum
569 2321 700 2379 iudicium
729 2321 833 2380 otiosos
858 2322 903 2378 vol

9 2428 10 2433 ’
100 2418 222 2477 cernunt
242 2435 289 2508 cos
309 2420 382 2477 circa
397 2419 467 2478 talia
481 2419 650 2492 implicatos,
673 2421 701 2477 in
723 2419 824 2492 quibus
844 2419 902 2489 isti,

101 2520 148 2590 qui
170 2519 211 2575 sic
231 2517 312 2576 modo
333 2517 492 2591 proficiunt,
514 2518 666 2590 aliquando
687 2517 872 2576 offenderunt.

182 2615 245 2684 Sed,
267 2632 283 2674 o
303 2632 382 2675 error
407 2618 526 2689 pessime
547 2617 576 2674 et
597 2616 712 2685 occulte,
734 2617 780 2688 qui
809 2632 903 2674 secun-

101 2713 167 2772 dum
181 2713 353 2773 exteriorem
378 2715 619 2773 conversationem
640 2714 704 2772 vnlt
727 2714 846 2771 interius
869 2714 903 2772 de

101 2811 212 2871 homino
234 2811 371 2870 iudicare!
394 2813 459 2871 Non
488 2813 562 2870 enim
584 2813 703 2885 requirit
727 2811 841 2870 tuntum
860 2812 903 2870 la-

102 2910 196 2970 borem
217 2912 351 2983 corporis,
373 2910 509 2984 qnantum
537 2910 663 2969 laborem
685 2910 785 2979 cordis,
807 2909 904 2968 aedifi-
