2284 3484
264 231 302 293 54
527 247 668 294 summus
688 249 801 294 monis.

263 445 453 513 commendos;
476 445 522 501 sod
544 446 646 502 vitium
661 445 713 501 tibi
734 445 891 517 displiceat,
906 444 936 502 et
953 461 1066 517 eompa-

262 541 353 610 tiaris‚
375 543 511 614 quantum
535 543 624 614 potos,
646 560 792 614 personae.
815 543 956 600 laudabis
976 543 1064 600 etiam

263 640 351 698 Deum
373 640 463 711 tuum,
484 643 533 714 qni
554 659 609 699 non
632 643 761 713 permisit
774 643 868 714 ipsum
888 643 1007 714 gravius
1020 659 1064 699 oa-

262 739 336 808 dorn,
357 756 408 797 noo
429 740 457 797 to
477 739 548 798 illud
569 741 670 797 vitium
691 739 865 812 perpetrare.
879 739 969 798 Nullo
988 740 1064 796 euim

263 836 343 896 modo
363 838 484 907 dubitea
505 838 590 912 quod,
610 840 633 895 si
655 839 685 895 te
701 854 757 896 non
771 838 958 896 custodireta
978 839 1064 906 malo,

260 937 431 1008 gravissima
452 936 481 994 et
500 937 667 1008 turpissima
688 936 853 1009 perduceres
873 935 910 993 ad
923 934 1063 994 effectum.
1136 952 1137 969 ¹

261 1034 350 1092 Deum
382 1035 467 1092 etiarn
498 1035 665 1106 suppliciter
690 1034 827 1103 exoratio,
855 1033 889 1092 ut
912 1036 1006 1106 ipsum
1029 1025 1063 1090 'ot

261 1132 414 1204 quemlibet
447 1133 620 1204 poccatorem
653 1133 759 1191 relevet
790 1151 807 1190 a
837 1131 951 1204 peccato
978 1132 1008 1189 et
1033 1132 1063 1189 to

261 1230 402 1289 custodiat
423 1231 459 1288 ab
480 1232 555 1290 omni
577 1232 660 1290 malo.
685 1232 749 1288 Nisi
769 1232 842 1288 enim
869 1231 982 1288 moreris
1003 1246 1063 1302 poo-

260 1329 331 1386 oatis
352 1329 474 1400 compati
503 1331 703 1401 proximorum,
724 1328 760 1386 ad
786 1329 887 1387 bonum
916 1327 1062 1385 indurabi-

260 1426 308 1483 tur
329 1443 376 1484 eor
397 1427 487 1494 tuum,
509 1427 538 1484 et
559 1428 680 1485 fortasse
700 1429 729 1484 in
759 1427 865 1484 malum
888 1427 982 1484 irrues
1002 1427 1062 1483 sine

260 1525 346 1583 freno.
369 1524 421 1592 Qui
442 1527 516 1582 onim
546 1525 666 1583 fideliter
686 1525 813 1584 oratione
843 1526 902 1581 sire
929 1523 1062 1582 exhorta-

259 1622 334 1681 tione
363 1621 512 1680 Dominum
535 1625 660 1695 proximo
680 1639 737 1680 non
765 1622 907 1695 procurat,
934 1638 998 1679 oum
1019 1621 1061 1679 fa·

259 1737 320 1778 oero
348 1721 451 1793 potest,
472 1737 528 1779 non
549 1722 656 1790 dubito,
680 1721 754 1794 quod
778 1721 814 1777 ab
837 1721 898 1792 ipso
923 1719 1061 1778 Dominus

259 1819 418 1892 elongatur.
440 1820 501 1886 Sed,
522 1822 629 1891 quanto
657 1821 748 1893 magis
775 1818 865 1892 eredis
885 1817 922 1876 ab
942 1818 988 1876 his
1009 1819 1061 1876 Do·

259 1919 365 1975 minum
386 1919 522 1991 elongari,
543 1919 590 1990 qui
616 1917 766 1975 arridendo
792 1916 1002 1996 detractoribus
1029 1933 1061 1973 ao

259 2015 359 2073 ceteris
387 2016 581 2088 peecatoribus
604 2015 812 2088 applaudendo,
832 2031 879 2072 eos
899 2015 928 2071 in
951 2015 1061 2072 malitia

259 2130 310 2172 sua
331 2113 476 2172 loventot
497 2115 642 2172 audaciam
670 2113 802 2171 tribuunt
830 2113 931 2170 iterum
955 2113 1059 2171 similia
1135 2186 1137 2193 J

259 2211 402 2270 faciendi?

339 2310 367 2367 Si
394 2327 461 2383 orgo
489 2311 689 2384 opportunitas
720 2327 750 2368 so
780 2308 924 2378 obtulerit,
954 2310 1060 2367 malum

258 2407 419 2480 argonaut,
435 2409 459 2464 si
473 2425 529 2467 non
551 2409 672 2481 expedit,
688 2408 789 2466 saltem
810 2406 960 2465 tristitiam
984 2424 1062 2480 prae

258 2505 340 2562 tendo
361 2505 449 2574 faciei,
471 2507 504 2563 ut
525 2508 687 2579 aliqualiter
707 2505 898 2565 contundatur
919 2506 1060 2577 peccator.

258 2602 317 2661 Neo
337 2603 469 2662 attendas
492 2605 714 2678 magnitudinem
741 2605 868 2672 alieuius,
890 2604 958 2675 quia
978 2604 1059 2661 illum

257 2701 359 2772 reputa
379 2720 439 2760 esso
462 2720 604 2776 magnum,
633 2704 680 2776 qui
705 2701 885 2776 approximat
912 2701 971 2761 Deo
1000 2703 1059 2770 tuo,

257 2801 286 2858 et
306 2801 388 2864 tanto
403 2793 545 2868 maiorem,
566 2803 674 2875 quanto
695 2801 819 2872 amplius
839 2800 1059 2873 approximabit.

257 2898 333 2966 Quae
354 2901 426 2957 onim
450 2901 621 2972 perversitas
642 2900 695 2969 est,
711 2917 823 2958 servum
837 2898 941 2957 diaboli
959 2899 1059 2956 timere
