2284 3484
247 267 285 324 50
510 287 651 327 srrmuuus
672 287 786 330 monis.

245 475 281 534 ad
301 477 394 534 omnia
415 477 589 546 imbecillem,
611 479 703 536 noluit
727 480 756 536 te
783 481 812 536 in
835 480 998 551 periculosis
1020 480 1050 536 et

244 574 404 634 difficilibus
425 593 457 634 ac
478 577 630 648 implicatis
649 577 782 649 operibus
807 579 977 645 ministrare,
999 578 1049 635 aed

245 688 297 731 sua
330 674 478 732 clementia
506 674 641 746 tanquam
673 675 815 733 infirmum
850 693 900 748 per
927 676 1049 734 contem-

245 770 380 844 piationis
402 772 523 844 quietem
545 773 574 829 te
600 773 692 831 voluit
718 775 866 832 consolari.
896 775 976 832 Alios
1001 791 1049 831 au-

245 870 303 928 tem
324 886 440 928 cernens
461 872 490 928 in
512 871 632 928 caritate
653 872 794 930 feruentes
815 873 843 929 et
863 871 976 930 fortiter
1004 890 1048 928 ra-

244 967 352 1026 dicatos
373 968 464 1026 uoluit
485 986 569 1041 super
599 970 756 1040 periculosa
776 970 806 1027 et
832 969 956 1028 difficilia
976 970 1048 1028 ordi·

245 1082 322 1134 nare,
345 1065 528 1124 nihilominus
549 1067 670 1139 quietem
694 1067 746 1125 sibi
767 1067 895 1125 tribuens
917 1070 983 1140 post
1005 1069 1049 1124 la-

246 1163 340 1222 borem
362 1163 390 1221 et
411 1165 630 1223 consolationem
651 1183 706 1225 non
729 1166 863 1224 modicam
890 1165 1047 1223 inlabere.

325 1263 353 1320 si
381 1279 447 1336 ergo
475 1264 589 1331 videris,
612 1264 640 1321 te
667 1264 863 1335 spiritualibus
890 1263 1046 1336 inhaerere,

245 1361 352 1419 ceteros
373 1363 465 1419 autem
483 1363 556 1419 circa
570 1363 628 1420 alia
648 1363 786 1430 laborare,
801 1379 856 1421 non
871 1379 918 1420 eos
931 1363 1047 1429 iudices,

246 1459 294 1516 aad
316 1458 366 1516 Dei
388 1460 555 1531 sapientiam
578 1460 607 1517 et
628 1460 830 1532 benignitatem
851 1477 980 1533 agnosce.
1008 1461 1047 1517 'l’e

245 1557 389 1614 infirmum
411 1560 513 1630 reputa
544 1559 669 1631 aliosque
690 1559 835 1616 considera
860 1575 921 1616 esse
948 1558 1047 1616 fortes.

246 1654 387 1723 Quomodo
409 1657 482 1713 enim
504 1655 531 1713 te
560 1655 660 1714 fortem
690 1656 796 1728 poteris
827 1657 968 1728 reputare,
997 1659 1046 1728 qui

244 1753 360 1825 propter
382 1755 497 1812 nimiam
519 1756 561 1812 tui
583 1755 778 1812 infirmitatem
799 1756 865 1812 lecti
888 1755 1047 1822 mollitiem,

244 1851 350 1909 scilicet
370 1851 618 1924 contemplationis
639 1853 810 1910 suavitatem
828 1853 968 1910 sustinere
988 1869 1047 1911 non

245 1949 333 2021 potes,
356 1949 404 2007 sod
425 1950 461 2011 ad
483 1951 593 2008 modum
615 1951 763 2008 arundinis
784 1952 859 2009 omni
881 1950 964 2025 uento
989 1967 1046 2009 mo-

245 2047 341 2104 ueris?
362 2047 433 2116 Quid
464 2064 531 2120 ergo
562 2049 677 2117 faceres,
699 2050 723 2106 si
754 2049 782 2106 te
813 2048 957 2120 oporteret
983 2066 1047 2106 unc

244 2161 335 2203 mono
361 2144 514 2215 cedirtcurc
546 2149 574 2203 ct
604 2147 699 2204 altem
729 2147 825 2204 hostes
852 2146 947 2219 gladio
977 2145 1047 2204 edu-

244 2259 311 2315 gare
328 2241 395 2316 (l)?
415 2243 523 2315 Nempe
545 2245 604 2302 solo
626 2262 730 2317 pavore
750 2244 891 2302 deficeres.

323 2341 422 2398 Lauda
442 2358 508 2414 ergo
530 2341 680 2400 Dominum
703 2344 791 2400 Deum
819 2345 908 2411 tuum,
930 2344 978 2415 qui
1000 2359 1047 2414 po·

244 2438 336 2496 tontes
356 2441 384 2496 in
418 2441 514 2498 arduis
543 2443 638 2512 posuit
668 2442 697 2498 et
724 2442 860 2510 adversis,
892 2442 1047 2513 prudentes

243 2538 369 2596 intentos
389 2538 455 2596 fecit
475 2539 585 2607 studiis
606 2541 757 2598 clementes
778 2541 913 2598 bonorum
941 2540 1047 2611 tempo-

244 2635 345 2692 ralium
373 2636 571 2694 distributores
602 2639 753 2696 ordinauit.
774 2638 821 2705 Te,
842 2655 877 2694 ne
903 2637 1046 2705 deficeres

245 2733 334 2791 voluit
354 2735 494 2806 quiescere
514 2752 563 2806 per
584 2737 858 2808 contemplationem,
880 2735 986 2793 scilicet
1011 2753 1046 2794 ne

247 2871 404 2878 ..-.-...-......-

309 2947 331 3006 1)
349 2946 484 3006 Respicitur
500 2948 522 2994 II
538 2947 607 2994 Esdr.
625 2949 648 3006 4,
669 2950 706 2995 17.
772 2911 774 2915 Α
