2284 3484
252 201 269 257 8
511 218 651 259 srrnuuus
673 218 785 259 auours

251 409 341 465 omnis
361 408 560 466 consolationis
582 410 707 480 eorporis
727 408 877 467 deiectione
892 426 921 466 se
936 408 1050 466 studeat

250 506 433 564 conformare.
464 507 502 564 Et
533 508 585 566 hoo
612 508 694 565 debet
725 510 874 565 niaximum
907 509 1048 580 1111111111,

251 604 323 676 quod
341 605 406 663 Rea
426 622 527 678 renem
548 609 576 662 et
596 606 743 664 Dominus
765 607 978 663 dominantium
994 605 1049 679 (1),

252 702 392 771 Christus,
414 721 525 762 servum
557 705 597 762 sie
629 706 797 762 vilissimum
825 706 884 762 suis
914 705 1051 778 dignatur

250 802 365 859 induere
386 803 560 860 ornamentis
587 803 616 859 et
646 803 699 859 sibi
721 803 812 860 lutum
835 803 1050 860 foetidissimum

251 900 391 969 similare;
412 901 534 973 ideoque,
549 901 656 972 quanto
675 901 750 958 videt
772 918 801 958 se
822 901 949 960 ditiorem
971 900 1001 958 et
1020 903 1050 958 in
1123 921 1124 950 1

251 998 381 1069 pluribus
401 1001 526 1071 eorporis
547 999 785 1057 consolationibus
799 999 952 1066 abundare,
968 998 1052 1058 tanto

250 1096 333 1154 debet
353 1097 480 1154 intimius
502 1098 530 1154 11
552 1097 719 1169 profundius
739 1098 912 1165 contristari,
933 1114 1053 1154 cernens
1124 1122 1125 1142 1

251 1212 280 1252 so
302 1211 333 1252 eo
355 1198 446 1268 inagis
468 1214 485 1253 a
507 1195 612 1254 Christi
634 1196 817 1253 similitudino
837 1196 1011 1268 elongatum.

287 1392 372 1466 Quod
390 1392 423 1448 in
443 1392 499 1465 leis,
522 1409 596 1464 quae
616 1409 676 1449 non
695 1396 767 1450 suut
787 1394 890 1449 contro
911 1393 1017 1462 Deum,

336 1490 472 1548 libentius
494 1491 667 1562 obtemperet
687 1491 773 1548 alteri
794 1508 884 1562 quum
903 1491 969 1550 sibi.

331 1686 446 1757 Quarto,
468 1688 550 1746 utin
580 1689 660 1746 bonis
681 1689 710 1746 et
730 1687 955 1746 indifferentibus
979 1689 1054 1746 alte-
1126 1732 1127 1747 1

250 1787 309 1843 rius
331 1786 426 1857 potius
446 1804 529 1859 quam
552 1805 632 1844 suam
652 1787 805 1858 adimplere
823 1787 937 1844 studeat
951 1787 1054 1844 volun-

250 1884 347 1951 tatem,
362 1886 447 1943 immo
468 1902 578 1956 semper
593 1902 672 1942 suam
691 1887 719 1942 in
734 1885 918 1943 exterioribus
939 1885 1054 1942 astibus

250 1983 363 2040 studeat
383 1983 532 2057 abnegare,
561 1985 678 2041 aliorum
708 1983 884 2059 beneplacita
914 1982 1055 2040 affectans

250 2099 313 2138 oum
334 2084 409 2141 omni
430 2082 580 2155 vigilantia
611 2084 638 2139 in
667 2083 752 2140 licitis
773 2083 934 2155 adimplere.
957 2081 1007 2152 Et,
1030 2085 1053 2140 si

250 2179 302 2238 hoe
329 2182 402 2238 eirea
429 2197 525 2238 omnes
547 2180 637 2238 faeere
658 2181 766 2245 debeat,
788 2197 902 2238 suorum
928 2184 1055 2252 superio-

251 2295 313 2336 rum
346 2279 493 2350 praeoipue
524 2278 606 2336 debet
636 2279 821 2336 obedientiam
850 2279 919 2336 totis
946 2280 1054 2336 moritis

251 2376 403 2433 visceribus
424 2377 580 2448 amplexari
598 2377 636 2445 et,
651 2394 839 2450 quaecumque
860 2376 982 2434 dixerint
1003 2377 1053 2436 ho·

250 2473 332 2529 nesta
359 2472 411 2529 aut
439 2473 509 2529 vello
531 2473 593 2530 fieri
619 2474 699 2545 signo
729 2473 823 2545 aliquo
845 2473 1053 2545 intimaverint,

250 2569 333 2627 debet
353 2587 403 2642 pro
425 2587 506 2642 posse
525 2588 576 2629 suo
590 2588 652 2628 111111
667 2587 769 2643 magno
784 2571 919 2628 desiderio
941 2570 1053 2629 effectui

252 2669 421 2740 mancipare.

315 2882 337 2940 1)
356 2881 365 2927 1
383 2881 442 2926 urm.
461 2881 484 2938 s,
504 2881 541 2927 rs.
