2284 3484
445 240 535 288 aanor
557 239 608 288 xm
892 224 930 287 59

666 346 930 360 -ιι-ι-ι-ι-

124 436 222 494 labore
236 438 318 509 quasi
332 437 505 509 importabili
520 438 612 496 voluit
632 455 801 510 perannum
819 438 929 511 lignum

125 536 237 592 aridum
257 534 415 608 adaquare3
430 536 523 608 ibique
543 536 679 608 apparuit
693 536 864 594 obedientiae
878 538 930 594 oel-

125 633 230 702 situdo‚
251 635 319 706 qnia
338 634 412 707 qued
427 636 569 692 mortuum
583 634 612 692 et
633 634 742 692 aridum
764 634 859 692 fuerat
879 651 929 707 per

125 731 283 790 obedientis
302 734 434 790 meritum
456 733 579 791 fructum
601 732 674 790 iecit.

206 829 279 900 Quid
296 847 363 904 ergo
376 831 410 888 de
424 831 581 889 obedientia
601 833 778 905 gloriamur?
792 831 848 890 Gur
862 849 929 906 ergo

123 944 180 986 non
195 929 230 985 de
244 929 344 986 nostra
358 929 490 1000 superbia
505 912 599 1001 potine
612 928 830 988 confundimur?
850 929 929 987 Nun·

124 1026 192 1098 quid
214 1027 269 1083 viri
293 1027 441 1099 apostolici
463 1043 612 1099 possumus
637 1028 799 1085 nominari?
824 1028 927 1096 Timeo,

124 1123 199 1196 qnod
213 1141 264 1182 nee
278 1124 362 1183 etiam
377 1124 534 1193 christiani,
546 1125 595 1183 sed
609 1125 703 1196 potius
715 1125 873 1183 imitatores
886 1126 927 1183 lu·

123 1223 203 1280 eiieri
218 1239 367 1294 possumus
381 1223 426 1281 uel
440 1223 611 1282 daemoniaci
625 1223 773 1295 appellari:
787 1222 927 1292 Quomodo

125 1322 208 1392 potes
227 1320 401 1378 christianus
420 1321 482 1390 diei,
501 1322 550 1393 qui
571 1320 684 1378 Christo
699 1320 840 1378 contraria
854 1319 927 1378 nite·

124 1419 165 1476 ris
185 1418 340 1491 adimplere
352 1417 419 1492 (lii
433 1418 461 1476 N
462 1419 569 1492 unqnid
585 1417 926 1490 Christuseoneidereuit,

124 1516 198 1589 quod
220 1518 280 1588 ipse
301 1516 363 1574 erat
384 1516 460 1573 Deus
487 1517 516 1573 et
537 1515 688 1574 seeundum
720 1515 926 1573 humanitatem

124 1616 200 1673 omni
221 1615 323 1688 gratia·
337 1615 366 1673 et
386 1615 504 1672 seientia
526 1615 636 1686 plenae,
652 1615 736 1672 immo
756 1614 848 1686 quoad
869 1615 926 1670 ani·

124 1731 200 1770 mam
225 1715 281 1771 iam
310 1713 419 1782 beatus,
440 1714 489 1785 qni
510 1713 610 1770 beatae
641 1713 758 1785 Virpiat
784 1715 811 1770 et
841 1712 926 1770 etiam

124 1812 232 1885 Iosepb
253 1815 317 1870 erai
336 1811 469 1870 sabditos
481 1811 549 1885 (2).2
569 1811 610 1868 Ia
630 1809 763 1868 soluendo
777 1811 860 1869 etiam
883 1810 926 1868 di·

124 1911 268 1968 drachma
288 1911 378 1967 servis
405 1910 570 1967 daemonum
600 1908 690 1966 voluit
718 1908 837 1966 obedire.
865 1907 925 1968 Nos

123 2025 190 2067 voro
211 2025 308 2065 eumne
329 2007 487 2080 sepalabra
507 2007 645 2066 dealbato
662 2006 811 2080 hypocrisi,
834 2006 925 2078 pleae

124 2104 239 2163 assidue
258 2108 453 2176 mortuorum,
475 2104 642 2162 bominibus
662 2103 787 2161 exterius
816 2103 927 2160 mortae·

124 2218 301 2275 apparemus
321 2203 351 2260 et
370 2202 492 2260 interius
519 2203 615 2274 uigore
640 2200 787 2272 superbiae
814 2200 925 2273 uegeta·

124 2318 197 2359 mur.
220 2299 283 2357 Iam
304 2301 415 2358 obedire
436 2299 587 2358 renuentes
613 2299 739 2368 dicimos,
768 2299 842 2372 quod
868 2315 923 2356 non

123 2415 223 2458 snmus
244 2400 339 2457 ooaati
359 2402 389 2456 in
410 2398 586 2468 servitutem,
608 2397 656 2454 sed
676 2397 771 2470 potine
792 2399 821 2454 in
843 2395 925 2454 iiber-

123 2562 285 2570 ———

187 2665 210 2723 1)
228 2665 253 2710 M
269 2663 349 2710 addit:
368 2665 440 2722 quaet
455 2665 537 2710 aaut:
554 2677 600 2710 aaa
617 2663 761 2722 mapnr'tado
777 2676 826 2708 raon
847 2662 923 2720 impe·

121 2746 185 2792 aava
202 2745 371 2790 bumilitatem
386 2743 545 2790 obedientiae.

184 2827 210 2884 2)
228 2823 349 2871 alluditur
366 2824 396 2870 ad
412 2823 468 2870 Luo.
486 2824 510 2881 2,
527 2824 571 2878 51;
590 2825 720 2881 sequnntur
736 2823 824 2870 Mareu.
842 2823 880 2881 17,
892 2823 924 2868 23

121 2920 187 2965 seqq.
206 2907 232 2952 et
247 2918 269 2951 c.
286 2905 326 2963 23,
344 2905 383 2952 27.
