2284 3484
440 226 529 268 orror
552 227 571 268 1.
870 209 906 266 13

101 419 178 476 bere.
211 418 249 475 Et
274 418 315 486 tn,
337 418 555 494 clementissima
577 419 706 485 Domina,
738 418 807 475 mihi
837 418 905 475 indi·

100 510 240 590 gnissir'no
262 518 402 590 peccatori
422 518 552 590 impetra,
576 518 609 574 ut
629 517 751 590 perfecte
773 519 824 575 sim
840 518 906 574 tuae

102 616 216 673 deditus
237 615 369 673 servituti
396 615 425 672 et
452 615 503 672 tibi
525 617 599 674 omni
621 616 752 687 tempore
768 617 906 689 obsequar

102 730 176 787 pura
197 715 291 772 mente
312 715 341 772 et
361 714 441 773 corde
462 714 562 772 devoto
584 714 714 772 continue
736 714 802 773 tuae
829 715 906 772 beni-

101 813 210 886 gnitati
231 813 375 870 assistam.
398 814 497 874 Amen.

288 1006 379 1067 Oratio
400 1007 433 1068 de
454 1007 581 1086 passione
601 1008 722 1068 Domini.

183 1207 301 1266 Domine
321 1208 387 1266 Iesu
410 1207 531 1276 Christe,
552 1225 601 1266 cor
622 1225 712 1266 meum
734 1208 792 1265 tuis
810 1208 904 1264 vnlne-

100 1307 181 1364 ribus
210 1308 305 1364 saucia
336 1307 365 1364 et
396 1306 445 1365 tuo
477 1308 614 1380 sanguine
645 1307 753 1364 inebria
777 1306 901 1388 ¹mentem

100 1423 202 1472 meam,
225 1405 267 1474 ut,
286 1421 458 1478 quocumque
480 1423 522 1462 me
544 1406 664 1474 vertam,
686 1421 796 1476 semper
816 1405 845 1462 te.
866 1406 904 1462 vi-

99 1505 180 1563 deam
202 1503 374 1572 crucifixum,
395 1505 431 1572 et,
447 1504 581 1577 quidquid
602 1521 745 1576 aspexero,
765 1504 832 1561 mihi
854 1503 903 1562 tuo

101 1603 241 1676 sanguine
262 1603 401 1674 appareat
421 1602 605 1671 rubricatum,
621 1603 654 1659 ut
668 1604 708 1659 sic
725 1602 804 1660 totus
825 1604 854 1659 in
875 1603 903 1660 to

100 1701 220 1759 tendens
241 1701 313 1758 nihil
341 1701 453 1772 praeter
481 1704 508 1758 te
537 1702 646 1758 valeam
675 1702 810 1768 invenire,
831 1701 902 1758 nihil

100 1801 155 1857 nisi
170 1800 222 1856 tua
236 1800 355 1857 vulnera
367 1799 475 1856 valeam
491 1799 604 1859 intueri.
617 1800 693 1857 Haec
707 1799 774 1856 mihi
790 1799 828 1856 sit
841 1817 903 1858 con·

100 1897 203 1955 solatio
225 1896 325 1964 tecum,
342 1898 379 1953 rni
392 1897 518 1964 Domine,
533 1896 694 1965 vulnerari;
715 1897 782 1954 haec
800 1897 902 1954 intima

101 1996 139 2053 sit
159 1995 229 2052 mihi
250 1995 365 2054 afflictio
386 1996 439 2053 sub
451 1995 495 2070 (1)
511 1997 539 2055 te
554 1996 660 2069 aliquid
679 1996 818 2053 meditari.
837 1995 901 2052 Non

99 2094 228 2167 quiescat
248 2110 295 2152 cor
316 2112 417 2161 meum,
433 2095 504 2152 bone
525 2095 600 2162 Iesu,
616 2095 702 2152 donec
717 2094 745 2150 te
765 2095 901 2162 inveniat,

98 2193 229 2252 centrum
251 2209 349 2263 sunnr;
371 2193 409 2250 ibi
431 2192 529 2262 cubet;
551 2192 692 2249 ibiscum
707 2192 841 2250 terminet
854 2209 902 2264 ap·

99 2292 232 2364 petitum.
255 2291 353 2378 Amen.

98 2443 260 2452 ----—·

163 2540 185 2598 1)
205 2539 229 2584 Μ
245 2539 299 2584 cine
317 2544 347 2585 te.

348 2777 657 2804 -s-MWQ-ae—
