2284 3484
399 331 489 374 creor
511 333 562 374 vn.
844 317 881 372 33

77 523 264 595 praesentare
289 524 318 580 61
339 524 366 581 16
393 523 430 580 ed
450 523 623 582 momentum
645 524 754 595 patitur
775 525 805 580 in
832 540 884 581 sua

77 617 244 693 praesentia
264 623 440 680 commorari.
469 622 546 679 Haec
574 624 614 680 sic
641 621 746 680 faciens
770 621 804 680 de
831 621 884 681 1106

77 719 151 778 dono
175 720 296 778 maximo
310 720 339 777 et
360 720 393 778 de
408 720 537 778 omnibus
551 721 625 789 aliis,
640 719 763 792 quantas
778 719 884 791 poteris

78 817 188 876 referas
210 817 268 876 Deo
298 818 424 892 gratias3
452 818 481 876 61
512 819 586 890 quod
616 818 701 875 etiam
733 804 885 891 regratiari

78 917 183 988 possis
205 917 330 989 recogita
351 933 485 990 magnum
507 917 620 975 donum,
640 917 679 973 Et
699 916 750 976 hoc
769 916 883 985 donum,

78 1014 188 1072 scilicet
214 1014 288 1086 qnod
320 1031 430 1086 semper
461 1015 489 1071 in
521 1015 683 1086 praesentia
709 1029 760 1072 sna
788 1015 884 1072 valeas

77 1113 257 1182 commorari,
279 1112 307 1169 et
327 1112 392 1181 alia,
414 1129 485 1185 quae
513 1113 565 1170 tibi
593 1112 770 1180 concesserit,
801 1112 884 1170 debes

78 1227 142 1268 cnm
166 1211 241 1268 omni
264 1211 413 1283 vigilantia
434 1209 584 1279 custodire,
607 1227 717 1282 semper
744 1227 806 1268 cum
827 1227 885 1268 ma-

77 1325 138 1382 gna
152 1308 290 1365 aviditate
312 1307 424 1366 inhians
453 1308 490 1365 ed
509 1309 626 1366 maiora.
655 1308 738 1366 Etsi
767 1309 885 1380 0100161

78 1407 160 1465 tuam
183 1408 324 1464 miseriam
345 1407 535 1479 autaliquem
550 1406 714 1464 exteriorem
730 1407 885 1478 occupatio

77 1521 143 1562 nem
166 1504 322 1577 cogitatum
337 1505 418 1562 tuum
433 1522 449 1562 a
465 1521 517 1562 sua
536 1505 697 1576 praesentia
709 1503 884 1573 absentares

7 1629 8 1632 ¹
77 1621 143 1662 cum
165 1602 308 1660 anxietate
330 1619 434 1676 magna
459 1603 564 1660 reverti
592 1602 716 1671 studeas
738 1603 784 1660 ubi
810 1620 884 1671 eras,

78 1701 189 1760 scilicet
210 1702 246 1758 ad
268 1702 458 1774 praesentiam
480 1701 540 1758 Dei.
562 1701 601 1758 Et
625 1701 676 1759 hoc
705 1702 743 1759 sic
769 1700 883 1771 faciens,

78 1801 193 1874 qualern
206 1815 368 1871 processum
384 1799 487 1857 habere
499 1799 609 1867 debeas,
621 1799 716 1857 unctio
727 1799 755 1856 16
766 1799 882 1857 docebit.

163 1897 224 1956 Hoc
249 1899 344 1955 tamen
374 1914 425 1970 pro
452 1898 528 1956 certo
556 1897 671 1965 habeas,
699 1897 772 1970 quod
803 1898 884 1971 quid·

77 1997 147 2070 quid
169 1996 209 2053 sit
228 1995 262 2053 de
292 1996 365 2064 aliie,
388 2011 498 2067 semper
532 1995 560 2053 te
592 1995 675 2053 debes
694 1997 724 2052 in
756 1996 885 2053 11116011-

78 2093 250 2153 sideratione
274 2094 311 2151 ad
336 2094 454 2152 nihilum
478 2094 613 2167 redigere,
634 2093 772 2166 qnantum
794 2095 883 2166 00160,

79 2193 108 2252 61
133 2193 259 2252 omnium
283 2193 459 2264 peccatorum
483 2192 511 2249 te
539 2192 667 2249 infimum
695 2192 828 2264 reputare
855 2193 885 2250 61

78 2294 138 2349 tani
164 2306 216 2363 010
238 2292 266 2347 16
288 2307 372 2363 quam
394 2307 446 2363 010
467 2291 531 2348 aliis
552 2307 569 2348 a
591 2290 649 2348 Deo
669 2289 718 2348 tuo
732 2289 784 2373 tibi
807 2307 885 2362 prae·

78 2390 161 2448 sente
182 2389 268 2448 debes
288 2405 349 2446 cum
372 2389 448 2447 omni
476 2388 637 2445 humilitate
659 2390 768 2445 veniam
787 2389 885 2460 006111·

77 2490 139 2546 larc
161 2488 191 2545 et
212 2487 292 2545 tuam
313 2487 565 2546 considerationem
587 2502 671 2558 super
691 2486 744 2544 hoc
763 2487 885 2561 dirigere

79 2587 190 2660 poteris
204 2603 254 2658 per
267 2585 343 2643 hunc
357 2585 484 2644 modum:
501 2585 653 2658 Nunquam
669 2585 823 2658 recogitare
841 2586 885 2643 de·

77 2686 137 2754 bes,
160 2684 235 2758 quod
255 2685 343 2756 aliqui
365 2682 524 2757 peccatores
546 2684 605 2741 sint
618 2701 635 2740 a
649 2683 707 2742 Dee
721 2683 789 2742 adeo
807 2685 885 2742 olon-

77 2784 150 2858 gati,
174 2785 241 2856 quin
264 2799 356 2854 saepe,
378 2782 431 2839 etsi
453 2799 508 2840 non
528 2783 668 2850 continue,
684 2782 719 2839 ad
733 2783 883 2841 Dominum

79 2900 109 2941 se
130 2880 302 2941 convertant
322 2883 351 2937 in
372 2880 454 2938 corde
475 2880 513 2948 et,
538 2881 606 2952 quin
627 2880 776 2938 Dominum
802 2898 884 2939 suum

78 2983 149 3041 tunc
170 2980 300 3038 intimius
320 2978 476 3052 recogitent
496 2995 581 3051 quam
606 2979 639 3036 tu
659 2978 688 3037 et
708 2980 812 3038 clarius
839 2995 884 3036 16-

806 3092 821 3137 3
