2284 3484
248 233 286 292 18
510 253 652 295 sunrunus
672 253 786 295 nrroms.

247 443 304 500 reri
323 443 438 516 ignorat
458 441 488 502 et
507 444 619 502 miseris
638 460 694 503 non
716 443 879 502 satisfacere
901 458 1048 515 nunquam

248 540 347 610 seivit;
368 557 419 599 neo
438 541 529 612 oredo,
550 541 625 614 quod
647 542 764 614 propter
790 559 835 600 me
854 556 957 599 novam
977 539 1049 598 velit

246 637 389 696 addiscere
409 638 567 698 lectionem.
581 639 703 712 Ideoque
721 657 755 697 ex
774 640 966 711 compassione
986 637 1050 696 Ma·

247 737 291 796 ria
321 737 388 796 ante
420 753 502 796 suum
530 739 634 796 Filium
662 754 779 806 meeum,
807 739 832 795 si
858 738 913 795 diei
943 736 1048 809 potest,

246 835 351 893 misera
370 836 521 908 apparebit
541 836 571 893 et
591 835 661 893 mihi
680 835 717 893 ad
737 835 941 908 indulgendum
960 850 1047 906 quam

246 932 331 991 citius
351 948 433 990 suurn
454 935 567 991 unicum
589 934 693 990 Filium
713 933 870 991 inclinabit.
885 931 925 990 nt
944 933 986 990 sio
999 931 1049 989 tri·

247 1031 312 1102 pler
325 1029 414 1090 habeo
427 1031 579 1105 refugium,
592 1031 667 1103 quod
680 1031 762 1103 quasi
776 1029 884 1103 triplos
895 1027 1049 1100 summissa

246 1125 366 1199 difficile
386 1125 613 1202 confringetur(
634 1129 656 1203 ).

327 1224 405 1294 Quod
433 1226 457 1283 si
488 1226 718 1298 praedestinatus
749 1242 812 1283 sum
843 1224 872 1282 et
902 1224 1049 1282 aeternam

246 1320 371 1395 patriam
385 1323 470 1382 debeo
490 1340 553 1381 oum
576 1325 686 1397 angelis
708 1323 860 1396 possidere,
873 1323 950 1381 eerte
963 1321 1049 1382 debeo

248 1437 280 1478 ex
301 1437 376 1479 nuno
395 1423 552 1496 angelicam
574 1422 663 1480 vitam
684 1423 793 1491 ducere,
807 1412 864 1481 non
884 1421 1049 1478 humanam.

247 1517 350 1577 Totum
378 1536 422 1577 me
453 1520 495 1577 illi
526 1520 656 1579 exhibere
676 1520 770 1589 debeo,
790 1522 840 1593 qui
869 1515 901 1577 se
929 1518 1001 1576 mihi
1018 1520 1050 1575 in

248 1617 404 1689 praemium
426 1619 625 1691 praeparavit3
646 1618 675 1676 et
688 1618 742 1676 hae
756 1618 884 1690 portione
897 1616 1050 1676 contentus
1121 1680 1122 1693 χ

247 1714 319 1772 nihil
346 1716 470 1788 amplius
493 1716 579 1776 debeo
605 1716 748 1774 affectare.
776 1715 877 1774 Iustus
902 1715 948 1773 est
974 1716 1050 1772 enim

247 1811 285 1882 et,
307 1814 331 1870 si
352 1813 440 1872 alium
460 1831 544 1886 quam
577 1816 670 1886 ipsum
691 1820 864 1886 quaererem,
884 1812 985 1871 eontra
1007 1828 1051 1869 me

248 1909 345 1982 posset
365 1911 576 1969 rationabiliter
595 1911 748 1985 indignari,
776 1911 806 1968 et
831 1927 913 1982 quem
934 1910 1051 1967 risurus

248 2023 310 2066 sum
332 2008 400 2067 milri
422 2009 597 2078 benevolum,
611 2010 667 2068 oito
681 2009 803 2067 viderem
824 2008 929 2066 iratum
944 2007 973 2065 et
989 2024 1053 2065 sen-

248 2105 368 2166 tentiam
388 2107 488 2166 eontra
508 2125 550 2165 me
571 2107 749 2165 inferentem.

327 2205 423 2277 Igitur
443 2206 472 2262 in
493 2204 549 2263 fine
568 2205 680 2264 diabolo
694 2206 734 2263 sic
747 2205 895 2264 oonelude:
910 2204 1054 2278 Quidquid

248 2301 282 2360 de
302 2319 345 2360 me
366 2301 495 2361 futurum
516 2302 563 2371 sit,
584 2319 603 2360 a
623 2303 675 2361 Dei
695 2304 812 2362 servitio
832 2319 888 2362 nou
904 2302 1053 2372 desistam,

248 2401 278 2459 et
298 2417 349 2458 rae
369 2400 437 2458 titii
459 2402 507 2474 qui
533 2418 591 2460 non
613 2402 694 2474 potes
721 2402 803 2460 tanto
831 2401 950 2459 Domino
971 2402 1055 2459 mini·

248 2497 341 2557 strare
362 2498 470 2557 eteius
491 2500 566 2558 dulei
587 2499 749 2572 praesentia
769 2500 925 2560 iucundari.
994 2552 1004 2559 ,

312 2710 334 2769 l)
351 2709 428 2758 Eccle.
446 2710 471 2770 4,
491 2710 527 2759 12.

507 2903 795 2934 *flm-
