2284 3484
218 231 361 273 crumena
383 230 521 273 elnensis
544 230 597 272 eno
617 230 745 271 annoso.
828 213 883 271 181

83 424 173 481 tatem
194 425 284 497 ipsius
306 425 426 492 Domini,
449 442 532 496 quam
553 423 589 481 ad
611 442 640 482 se
661 422 769 489 habuit,
789 422 818 480 et
838 424 887 495 qui

83 524 113 579 in
142 524 240 581 maiori
269 524 350 595 parte
378 523 477 585 loculis
504 523 606 590 caruit,
628 523 661 579 ut
683 521 814 593 possibile
841 520 885 577 ost

84 622 236 693 fragilitati
257 622 407 689 humanae,
428 638 479 679 sua
501 623 635 693 pauperie
655 620 815 677 imitantur.
849 664 852 669 .

165 719 204 777 ut
223 720 289 778 dum
310 721 378 778 mihi
400 721 634 793 inexplicabiliter
654 719 776 777 Senioris
795 719 886 790 place-

85 818 130 876 ret
149 819 304 887 oraculum,
326 819 419 877 subito
439 819 530 877 cordis
551 818 658 891 impetu
680 818 736 875 dixi
757 818 792 884 ei,
813 816 886 888 quod

85 935 145 976 rem
167 916 313 990 pulchram
335 917 403 974 milri
424 917 628 989 descripsisset,
651 917 698 974 sed
714 915 886 987 suspectam,

85 1031 116 1074 oo
137 1015 211 1087 quod
232 1032 305 1073 nova
332 1015 407 1087 apud
436 1015 562 1073 homines
587 1014 719 1083 videtum
749 1013 885 1085 scriptum

85 1114 131 1171 est
151 1102 381 1171 enim'Ieremiae
401 1112 493 1187 6(1);
516 1114 701 1185 Iatcrropate
722 1111 756 1168 de
776 1111 887 1168 smaltis

86 1212 228 1283 antipate,
248 1228 321 1282 qaae
342 1212 382 1269 sit
400 1212 450 1268 aia
471 1211 556 1282 toaa,
579 1213 607 1267 et
626 1209 772 1267 ambulate
792 1210 825 1266 io
843 1225 886 1265 ea.

167 1308 323 1380 Respondit
349 1310 446 1366 Senior
462 1309 522 1382 (2):
548 1308 613 1366 Non
642 1308 694 1376 est,
719 1307 820 1379 inquit,
843 1324 888 1363 res

86 1424 170 1476 nova,
182 1407 229 1465 sed
245 1407 395 1476 renovata3
411 1408 541 1479 superins
550 1407 595 1480 (3)
609 1408 683 1463 enim
694 1406 738 1463 est
752 1405 804 1462 tibi
819 1405 888 1461 mul-

85 1504 223 1577 tipliciter
243 1504 427 1577 declaratum,
449 1505 522 1561 hanc
543 1505 630 1562 fuisse
645 1505 733 1561 vitam
748 1502 889 1575 apostolo-

86 1620 150 1662 rum
173 1603 201 1660 et
221 1604 287 1661 ante
310 1620 360 1675 pro
382 1603 463 1676 parte
477 1602 626 1676 gentilium
646 1601 887 1674 philosophorum,

86 1701 191 1758 iterum
212 1700 297 1758 etiam
319 1702 561 1760 sanctissimorum
584 1702 649 1759 olim
677 1699 888 1758 monachorum.

87 1798 153 1856 Nou
175 1798 220 1857 est
239 1800 327 1871 igitur
348 1798 416 1857 haee
437 1800 497 1856 vita
518 1816 563 1857 res
584 1815 666 1866 nova,
688 1798 735 1855 sed
762 1798 888 1855 veteram

89 1896 294 1965 vetustissima,
311 1914 456 1969 perquam
473 1896 527 1954 fuit
542 1895 670 1955 stabilita
691 1896 807 1953 ecclesia
820 1894 891 1952 chri·
934 1914 938 1921 ·

89 1978 194 2051 stiana'.
206 1994 282 2052 Haec
297 1995 365 2051 sunt
375 1996 464 2067 igitur
470 1998 631 2066 parentam
642 1993 796 2067 mappalia
805 1992 850 2066 (4)
861 1991 890 2049 et

89 2093 235 2149 verissime
253 2093 312 2149 vita
334 2109 415 2160 nova,
431 2092 573 2149 mentibus
587 2091 737 2164 aptissima
751 2106 889 2148 renovan-

88 2190 143 2258 dis,
165 2189 300 2247 Ieremiae
314 2191 333 2246 4
346 2190 407 2264 (5):
422 2191 537 2248 Nooate
551 2190 632 2247 cobis
645 2188 747 2245 novale
760 2192 788 2245 et
800 2188 891 2245 nolite

88 2304 184 2346 serere
198 2303 284 2359 saper
297 2288 416 2360 spinos·
436 2288 532 2361 glossa
544 2287 588 2360 (6)
600 2311 606 2343 :
629 2310 643 2337 α
658 2302 729 2359 quae
750 2285 890 2343 suffocant

89 2386 208 2445 verbum
219 2410 233 2439 »
246 2408 252 2455 ;
267 2387 374 2445 certum
390 2385 442 2454 est,
459 2387 548 2458 spinis
563 2387 621 2443 illis
632 2386 747 2442 divitias
761 2384 891 2458 figurari.

90 2514 251 2523 ——----

155 2574 178 2631 1)
197 2573 226 2620 v.
247 2574 284 2621 16.

154 2653 179 2711 2)
198 2652 245 2700 cn.
263 2654 362 2711 Bonam,
381 2652 475 2712 Expos.
493 2665 548 2711 sap.
561 2652 642 2711 repul.
655 2651 685 2697 F.
698 2650 744 2708 M„
761 2664 782 2697 c.
800 2650 810 2695 l
829 2664 853 2697 n.
867 2651 890 2696 3.

68 2748 70 2755 ·
155 2734 179 2792 3)
198 2734 255 2792 Peg.
276 2733 320 2780 llo
336 2734 360 2780 et
380 2733 432 2780 155.

154 2814 180 2875 4)
198 2814 253 2873 Sap.
273 2814 310 2872 1s,
327 2814 366 2860 24.
778 2811 802 2869 5]
821 2811 848 2858 V.
867 2811 891 2858 3.

154 2895 179 2953 6)
197 2894 294 2941 Scilicet
310 2894 483 2940 interlinearis
496 2892 557 2950 apud
569 2892 687 2951 Lyranum
699 2890 724 2938 in
735 2892 797 2937 hunc
807 2892 894 2939 locum.
