2284 3484
231 239 374 283 osurrcnn
393 238 531 283 rrwuurs
550 240 605 283 nno
625 239 754 283 unuoro.
838 221 897 281 143

96 430 181 489 solari
194 429 249 506 (1).
263 429 432 489 Perfectioni
442 430 558 501 insuper
568 445 626 488 non
637 444 747 501 semper
757 428 900 502 repugnat

96 528 202 602 fogere,
225 528 323 601 utpote
344 544 406 587 oum
428 527 464 585 ad
483 527 597 601 tempus
618 543 670 601 pro
690 526 821 585 ecclesiae
846 526 900 584 uti·

96 627 178 685 litate
206 627 293 686 furori
321 626 439 707 ceditur,
460 626 505 685 vel
532 642 596 685 curn
621 620 763 684 certarnen
793 625 899 683 clarius

97 724 419 799 praesentitur3quibus
430 724 542 783 casibus
552 724 730 783 cessantibus
741 723 898 795 exemplum

96 841 126 882 se
146 824 279 897 praebuit
292 823 461 883 imitandum
476 822 699 895 perfectioribus,
714 839 776 881 cnm
798 821 899 894 sponte

96 922 234 981 sustinuit
255 922 375 982 mortem
397 922 499 981 crucis.

176 1020 300 1080 Senioris
326 1021 417 1095 igitur
443 1019 567 1079 directus
600 1019 733 1093 prudenti
763 1034 898 1091 responso

96 1120 154 1177 vidi
175 1121 205 1179 in
225 1120 286 1178 vita
307 1119 414 1179 Christi
434 1118 602 1177 serietatem
623 1118 748 1186 tertiam,
769 1134 840 1207 quae
855 1133 899 1174 ure

98 1219 163 1291 plus
183 1218 284 1306 ceteris
304 1217 508 1277 commovebat.
521 1216 586 1275 Vidi
608 1217 682 1275 enim
697 1216 841 1274 Christum
855 1215 898 1272 di-

96 1318 214 1390 scipulis
234 1316 270 1375 ed
294 1315 512 1390 praedicendum
539 1316 634 1373 missis
654 1331 734 1373 omne
762 1313 897 1372 viaticum

95 1415 280 1483 inhibentem,
302 1432 398 1489 perum
420 1414 450 1473 et
470 1414 611 1473 sacculum
632 1412 854 1482 interdicentem,
868 1412 898 1471 et

95 1532 130 1573 ne
142 1513 320 1588 possiderent
334 1515 479 1587 pecuniam
491 1512 536 1570 vel
548 1511 697 1585 portarent
708 1511 752 1586 (2)
762 1532 770 1582 ;
781 1512 841 1584 ipse
852 1527 899 1569 nu·

64 1616 68 1624 '
97 1613 156 1672 tem
168 1612 304 1671 Dominus
318 1611 482 1671 imminente
495 1611 627 1684 passione
640 1609 784 1678 sua,1nde
794 1608 898 1678 baiolo,
967 1688 972 1699 ‚

53 1696 55 1703 ’
98 1712 207 1771 loculos
226 1710 333 1784 legitur
353 1709 494 1768 habuisse.
517 1710 658 1768 seniorem
687 1708 776 1781 igitur
800 1708 899 1789 rogeri

96 1809 248 1868 edisserere
269 1808 352 1867 dictis
371 1807 531 1867 huiusmodi
552 1806 729 1874 varietetem,
751 1804 818 1880 quid
846 1807 895 1864 sci·

94 1907 161 1966 lieet
182 1906 359 1981 praetendet.
382 1906 537 1979 Respondit
557 1906 670 1964 Senior:
692 1904 826 1974 Attende,
855 1904 898 1962 in·

96 2007 195 2079 quiens
210 2004 265 2080 (8),
286 2022 324 2063 en
346 2004 478 2063 cbristus
499 2020 609 2077 semper
629 2004 736 2063 loculos
756 2000 898 2071 habuerit,

95 2106 125 2163 in
146 2119 218 2177 qnos
231 2104 318 2163 etiem
332 2120 401 2162 usus
414 2104 569 2162 loculorum
584 2103 730 2175 pecuniam
744 2099 899 2159 decreverit

95 2202 264 2275 dispensari.
286 2201 413 2280 Domino,
428 2202 461 2259 to
482 2202 546 2269 seis,
560 2202 686 2283 inquom.
700 2198 832 2265 Attende,
847 2173 899 2268 eit:

96 2301 125 2357 in
146 2300 294 2372 evangelio
314 2316 454 2373 nusquam
476 2298 535 2356 fieri
550 2297 720 2357 mentionem
734 2297 769 2355 de
788 2296 897 2365 loculis,

161 2504 185 2563 l]
203 2504 277 2563 Apol.
290 2516 384 2563 paup„
401 2515 422 2549 c.
440 2501 455 2548 4
471 2515 497 2548 n.
515 2500 529 2547 3
545 2502 570 2548 et
588 2500 626 2548 1o.
639 2526 670 2535 -
686 2500 705 2545 L
725 2499 855 2553 «iucem
873 2500 899 2546 et

95 2583 148 2631 ideo
159 2582 180 2631 st
196 2582 322 2642 coquendo
338 2582 368 2630 ub
384 2580 502 2640 aliquibus
518 2580 625 2639 fugistur
640 2581 684 2627 sot
694 2579 786 2627 tutione
801 2579 897 2627 infirmi-

96 2664 168 2723 tatis,
185 2665 228 2712 sut
243 2663 323 2721 aliquo
340 2661 479 2711 rationabili
490 2676 570 2721 ceusu,
581 2662 643 2708 Deus
656 2662 681 2709 et
692 2660 801 2708 Salvator
817 2662 898 2708 volun·

96 2743 162 2793 turis
174 2744 230 2803 fuge
246 2756 297 2802 sus,
315 2757 345 2792 nc
360 2744 484 2803 desperent
500 2741 642 2800 huiusmodi,
655 2740 732 2789 voluit
747 2740 896 2789 consoleris.

160 2826 186 2886 2)
203 2826 260 2873 Luc.
277 2825 302 2884 9,
320 2825 343 2873 8.

161 2906 186 2966 8)
203 2906 298 2966 Expos.
315 2919 371 2965 sup.
389 2904 469 2965 repul.
486 2902 517 2951 F.
534 2902 582 2961 M„
598 2916 619 2951 c.
636 2902 652 2951 4
668 2916 694 2951 n.
712 2902 728 2951 8
743 2914 780 2961 sq.
