2284 3484
240 199 298 258 124
505 218 646 260 snmunns
667 217 779 260 enoris.

237 409 344 465 minum
375 425 457 466 suum
477 409 562 475 ridet,
585 409 633 466 sed
661 411 726 481 qnia
750 409 861 467 ridetur
880 427 899 466 a
917 408 1042 467 domiuo.

239 505 318 562 Unde
339 507 484 564 sisennus
512 508 597 564 sciret
625 523 676 578 pro
702 507 788 575 certo,
809 507 882 579 quod
908 506 1041 565 dominus

238 620 307 661 suus
327 620 383 661 nou
405 605 502 677 posset
518 621 581 663 eum
598 605 690 662 videre
711 621 762 662 nee
780 606 850 662 scire
870 604 956 662 etiam
978 621 1043 676 pos·

237 704 290 770 set,
310 703 376 774 quid
399 719 498 760 servus
519 703 633 768 iaceret.
654 721 709 762 non
731 704 845 762 timeret
864 704 932 761 tunc
952 703 1040 761 domi·

237 817 314 867 num,
334 801 368 857 ut
388 801 485 872 credo;
507 801 555 858 sed
577 803 601 858 si
622 803 716 869 sciret,
731 819 760 859 se
775 802 861 859 videri
882 802 1039 870 edomino,

236 898 265 954 et
279 898 421 956 dominum
436 899 530 958 videre
549 916 605 958 non
622 901 727 972 posset,
741 901 810 958 tunic
823 900 945 958 multum
959 901 1040 958 time·

236 996 290 1053 ret.
305 996 418 1065 Quanto
438 1013 505 1070 ergo
524 1001 617 1071 magis
636 1015 705 1072 erga
728 999 876 1057 Dominum
897 999 1037 1066 nostrum,

236 1097 283 1168 qni
305 1095 452 1154 uobiscum
472 1097 502 1154 et
521 1099 550 1154 in
573 1097 653 1156 nobis
673 1098 718 1155 est
737 1098 767 1155 et
786 1099 879 1156 omnia
899 1097 1038 1165 intuetur,

235 1192 368 1250 debemus
388 1197 493 1252 moveri
514 1212 625 1268 semper
646 1197 755 1262 timore,
777 1196 932 1254 reverentie
947 1195 976 1252 et
989 1195 1040 1254 de·

237 1292 356 1357 votione,
377 1309 472 1350 amore
493 1294 523 1350 ct
542 1293 734 1352 erubescentia
756 1293 957 1366 peccatorum?

316 1389 420 1447 Mirum
441 1392 485 1448 est
505 1391 590 1456 certe,
611 1392 747 1464 quomodo
772 1393 812 1448 sic
834 1391 942 1449 modica
962 1392 1039 1448 scin-

235 1487 308 1555 tilla,
330 1488 404 1544 sicut
424 1490 469 1545 est
490 1505 659 1558 cormeum,
680 1507 735 1548 non
757 1489 924 1572 absorbetur
941 1489 1038 1547 totali·

235 1585 280 1642 ter
299 1586 336 1642 ab
357 1588 493 1644 immensa
514 1587 641 1645 bonitate
661 1589 765 1655 diuina,
780 1589 809 1646 et
823 1587 957 1660 quomodo
978 1604 1036 1646 non

166 1665 170 1672 ¹
235 1701 346 1755 semper
368 1702 467 1742 serens
488 1684 539 1742 Dei
560 1703 655 1744 amore
676 1688 719 1744 sui
741 1687 851 1745 Domini
879 1685 1038 1743 inebriatus

235 1782 346 1839 incedit.
362 1783 430 1850 Hoc,
445 1783 535 1851 credo,
551 1784 640 1851 lieret,
655 1786 678 1841 si
693 1785 735 1842 illi
749 1784 870 1842 bonitati
883 1787 1037 1842 immensae

235 1880 322 1936 vellet
342 1881 486 1953 applicare
507 1899 554 1940 cor
576 1900 666 1941 suum.
683 1883 761 1940 Unde
781 1883 815 1940 de
835 1883 887 1940 hoc
907 1899 962 1940 uon
984 1883 1038 1940 du-

235 1977 308 2034 bitet
328 1978 440 2050 aliquis,
463 1980 545 2051 qued,
559 1981 666 2052 quanto
686 1984 777 2054 magis
791 1981 833 2038 illi
849 1980 970 2038 bonitati
983 1981 1038 2037 im·

235 2091 347 2131 mensae
369 2076 456 2134 vellet
483 2078 627 2149 applicare
654 2096 701 2137 cor
721 2069 813 2148 suum,
833 2078 915 2136 teuto
936 2079 1036 2136 melior

233 2173 263 2230 et
277 2173 426 2245 perfectior
447 2177 536 2245 esset;
551 2177 643 2249 etqui
664 2179 691 2234 in
711 2195 818 2235 summo
834 2177 904 2234 bono
924 2194 970 2234 cor
985 2194 1034 2249 ap·

234 2271 338 2341 plicare
359 2276 464 2343 posset,
479 2275 511 2330 ut
526 2274 640 2345 penitus
660 2274 764 2333 oblitus
779 2276 902 2334 omninm
921 2277 1035 2347 praeter

232 2370 326 2439 ipsum
357 2370 418 2428 toto
439 2372 525 2428 enimi
556 2374 701 2430 curuamine
728 2375 756 2430 in
784 2375 878 2445 ipsum
905 2374 1034 2432 tenderet

232 2465 326 2539 ibique
346 2469 510 2540 quiesceret,
531 2486 588 2528 non
610 2472 709 2529 stetim
728 2490 746 2529 e
766 2473 847 2530 tanto
875 2472 947 2530 bono
969 2474 1034 2530 resi·

232 2563 313 2632 licus,
329 2565 405 2635 tunc,
420 2568 510 2635 credo,
525 2568 679 2642 absorptus
699 2569 842 2628 dulcedine
858 2587 1033 2630 consumma·

231 2662 313 2720 retur
333 2664 361 2721 in
383 2665 505 2724 instanti
519 2666 575 2740 (1).
597 2667 675 2726 Tunc
695 2669 770 2726 inter
783 2669 989 2729 consolationes
1003 2671 1032 2728 et

233 2797 390 2806 --,--.

298 2874 321 2935 ll
338 2876 356 2922 L
371 2881 449 2925 clem.
