2284 3484
244 216 283 274 96
508 235 649 278 eumenus
670 234 782 279 uuoars.

243 424 355 484 infirmo
375 424 405 483 et
425 426 611 499 corruptibili,
632 427 711 486 cuius
733 427 872 484 miseriam
887 443 968 486 nemo
984 443 1046 500 pos·

244 523 288 582 set
308 524 472 597 exprimere,
494 525 675 597 semetipsum
697 541 800 598 negare
821 541 877 584 non
902 541 995 598 posse,
1016 525 1047 584 et

243 622 326 697 quod,
340 622 598 697 quantumcumque
612 624 651 681 sit
664 623 795 682 infirmus
815 623 844 681 et
865 623 1005 696 peccator,
1021 627 1046 682 si

242 722 384 794 adipsum
400 738 430 779 ee
443 722 584 780 conuertit
598 722 627 780 et
639 723 732 794 ipsum
748 722 870 794 petierit,
882 722 1047 781 obtinebit?

242 819 304 879 Hoc
317 836 368 879 nos
378 818 520 877 desiderat
530 821 625 893 petere
636 820 665 877 ct
679 821 787 893 largiri,
799 819 865 878 dum
877 821 971 892 inquit
980 820 1044 895 (1):

242 919 346 991 Petite,
378 921 406 976 ct
435 918 592 990 accipietis.
623 919 733 990 Nescio,
761 919 827 991 quid
858 919 985 990 amplius
1006 920 1045 976 la·

242 1015 384 1076 boramus.
399 1016 456 1075 Gur
466 1016 590 1089 quotidie
603 1016 791 1089 nosmetipsos
804 1016 958 1089 affligimus
970 1019 1046 1075 cirea

241 1114 322 1183 nibil,
352 1132 415 1173 cum
447 1115 590 1188 possidere
622 1114 782 1173 Creatorem
804 1117 927 1174 omnium
953 1116 1046 1173 valea·

242 1213 326 1270 mus?
339 1211 411 1283 Quid
426 1229 493 1286 ergo
514 1213 637 1285 amplius
658 1214 828 1286 quaerimus,
851 1214 874 1270 si
895 1228 977 1271 omne
1000 1213 1045 1271 bo

241 1327 308 1369 num
331 1312 371 1369 sic
383 1311 417 1368 de
437 1311 493 1369 levi
507 1310 610 1368 babere
628 1311 777 1369 valemus?
797 1310 853 1369 Gur
874 1311 964 1368 uitam
987 1312 1045 1384 ple-

241 1425 308 1466 nam
328 1409 448 1466 miseriis
470 1409 632 1482 quaerimus
653 1409 816 1482 possidere?

320 1505 343 1566 0
364 1508 481 1566 Domine
496 1507 573 1566 Deus
594 1525 680 1574 meus,
696 1508 761 1581 quid
777 1508 827 1564 tibi
842 1508 896 1565 nisi
910 1509 1044 1566 iniuriam

240 1605 364 1674 fecimus,
386 1606 460 1678 quod
480 1606 508 1663 te
529 1605 610 1664 nobie
631 1606 733 1680 tribuis
749 1607 788 1664 sio
808 1603 949 1663 libenter?
963 1606 1044 1664 Nihil

239 1705 312 1762 onim
335 1704 386 1761 tibi
414 1703 531 1772 confert,
553 1704 576 1760 si
598 1703 627 1760 te
647 1703 809 1771 habeamus
830 1703 859 1762 et
880 1703 974 1762 tamen
1005 1705 1049 1761 sic·

239 1818 291 1862 nes
305 1801 410 1875 diligis,
424 1802 497 1874 quod
512 1801 540 1859 te
555 1817 616 1859 esse
627 1801 770 1860 nobiscum
786 1801 906 1859 delicias
918 1800 986 1859 tuas
998 1801 1042 1876 (2)

238 1899 318 1957 dicis.
339 1899 432 1968 Quare
453 1899 566 1957 tantum
587 1915 639 1958 uos
667 1899 770 1972 diligis,
791 1899 825 1957 ut
850 1898 987 1956 libentius
1015 1899 1043 1956 te

238 1997 332 2068 ipsum
358 1997 439 2055 nobis
469 1996 581 2055 tribuae
611 2013 694 2069 quam
721 1996 826 2068 aliquid
853 1995 940 2065 aliud,
968 1997 1043 2068 quod

238 2094 389 2167 petamus?
409 2094 448 2152 Et
466 2095 551 2162 certe,
573 2111 624 2152 nec
644 2111 694 2167 ego
715 2095 778 2152 volo
798 2093 832 2152 de
852 2094 944 2152 cetero
965 2093 1043 2152 aliud

239 2192 443 2265 possidemur
473 2209 528 2266 quo
548 2193 643 2251 debita
671 2192 806 2266 petitione
832 2191 936 2250 habere
961 2194 1043 2251 valeo

238 2289 326 2348 Deum
342 2307 443 2348 meum.
462 2289 580 2349 Oraclm
596 2301 646 2349 ‘me
666 2291 823 2349 monilibus
835 2291 890 2366 (3),
905 2291 934 2348 et
947 2292 1041 2362 ipsum

237 2388 414 2447 introducam
435 2390 464 2446 in
479 2388 637 2446 thalamum
658 2390 749 2447 cordis
763 2389 816 2448 mei
837 2389 866 2446 et
887 2389 925 2446 ibi
948 2405 1041 2447 secum
1081 2465 1082 2468 Ἴ

238 2485 272 2543 de
291 2487 383 2545 cetero
405 2487 586 2559 requiescum.
608 2488 682 2545 Bene
697 2489 762 2556 scio,
784 2486 857 2560 quod
877 2487 948 2544 nihil
963 2487 1042 2546 aliud

238 2639 397 2648 *—

299 2734 325 2793 1)
343 2733 409 2781 loen.
429 2734 465 2793 16,
484 2734 523 2782 24.

300 2814 325 2872 2)
344 2813 464 2860 illuditur
480 2816 510 2861 ud
527 2816 596 2862 Prou.
615 2815 639 2873 8,
657 2815 697 2862 31.

299 2893 556 2954 QffimQffl
