2284 3484
409 280 500 322 curus
522 281 579 324 xru.
639 275 642 282 '
856 265 892 324 75

45 544 51 548 Ι
94 485 176 526 suum
192 468 260 544 (1),
277 470 331 528 sibi
351 469 436 529 etiam
451 471 542 530 voluit
561 489 663 530 manus
677 472 706 530 et
726 472 810 544 pedes
831 489 894 545 per·

94 565 191 635 forari,
212 568 256 635 ut,
274 585 337 626 cum
357 569 499 642 adipsum
515 571 684 641 perveneris,
700 571 740 628 sie
759 570 824 628 tuae
838 587 894 628 ma·

95 681 149 722 uus
164 664 275 724 intrent
288 667 317 724 iu
332 684 446 726 suasae
460 667 543 739 pedes
554 668 596 725 tui
610 669 639 726 in
655 684 729 738 soce,
741 669 774 726 ut
788 667 841 726 sibi
854 669 894 725 in·

95 763 295 836 separabiliter
308 767 498 838 coniungaris.
519 764 639 824 Obsecro
653 783 728 840 ergo,
745 766 895 824 seeundum

96 862 245 920 eonsilium
266 863 388 935 apostoli
413 863 514 921 onmia
535 863 670 936 prebeas
697 864 749 923 hoo
776 865 896 936 experiri
996 865 999 875 '

95 960 205 1018 coneris
225 958 263 1030 et,
285 961 308 1017 si
329 960 380 1018 tibi
402 961 505 1019 bonum
525 961 674 1029 uidebitur,
689 962 752 1019 indo
773 963 895 1035 emplius

96 1074 152 1116 non
167 1057 304 1117 discedas.
318 1058 383 1118 Non
397 1059 504 1128 dubito,
516 1059 598 1132 quod,
615 1061 638 1116 si
652 1058 740 1118 fueris
754 1059 895 1132 expertus,

96 1157 192 1214 omnia
224 1156 337 1228 praeter
369 1157 462 1229 ipsum
493 1158 708 1216 amaritudinem
740 1158 895 1230 reputabis.

97 1253 195 1311 Valles
215 1253 335 1312 libenter
349 1254 417 1312 tunc
430 1254 483 1312 tibi
496 1255 547 1313 ilie
562 1255 711 1314 uulnerum
725 1256 806 1325 ostia,
821 1256 896 1330 post

97 1368 183 1425 quam
204 1352 365 1422 intraveris,
386 1352 521 1422 obserari,
541 1352 575 1411 ut
595 1353 658 1411 indo
679 1354 752 1412 exire
773 1354 895 1426 amplius

83 1466 154 1513 uon
175 1451 294 1508 valeres.
307 1451 500 1509 Admiraberis
521 1468 606 1524 super
627 1452 706 1510 tuam
726 1453 756 1510 ot
775 1453 893 1510 aliorum

96 1564 185 1620 super
204 1547 257 1606 boc
279 1548 406 1607 habitam
427 1550 606 1620 caecitatem
633 1550 767 1624 gaudebis
794 1549 896 1610 nihilo-

96 1646 193 1703 minus
212 1645 246 1704 de
265 1647 350 1706 tanta
366 1647 519 1715 dulcedine,
541 1665 625 1721 quem
646 1649 679 1706 tu
700 1648 796 1717 sentis,
818 1649 847 1706 ot
867 1649 896 1706 in

96 1743 212 1802 tautum
232 1744 316 1802 etiam
341 1743 564 1803 inflammabitur
584 1762 631 1805 cor
652 1746 742 1815 tuum,
763 1745 797 1804 ut
816 1748 897 1820 quasi

96 1841 194 1900 nitens
213 1841 249 1900 a'd
269 1842 394 1900 litteram
409 1843 443 1901 de
463 1859 578 1916 corpore
598 1845 672 1902 exire
686 1843 756 1902 uelit
769 1844 798 1902 et
812 1844 897 1902 mate·

96 1939 209 1998 sialiter
228 1942 257 1998 iu
278 1940 384 1999 Christi
402 1941 565 2000 uulneribus
585 1940 730 2012 habitare;
751 1941 897 2000 inebriabi·

96 2037 148 2096 tur
167 2039 242 2096 euim
262 2039 349 2096 nimia
362 2038 507 2097 dulcedine
520 2039 549 2096 et
562 2039 672 2098 fervore
686 2039 715 2097 et
729 2041 774 2097 vix
793 2039 897 2112 poterit

97 2135 135 2196 ad
155 2136 234 2194 aliud
253 2137 394 2195 inclinari.
415 2135 438 2194 Ο
458 2138 575 2194 uulnera
595 2137 678 2196 corda
699 2154 782 2195 saxea
802 2138 897 2195 uulne-

96 2233 195 2292 rautia
216 2235 245 2292 et
264 2236 375 2293 mentes
394 2235 557 2311 congelatae
577 2235 792 2304 inflammantia,
807 2235 897 2307 pecto·

97 2349 186 2405 raquo
206 2332 391 2390 adamantina
414 2333 621 2406 liquefacientia
649 2349 716 2405 prae
737 2335 845 2392 amore!
873 2331 897 2390 Ο
963 2395 964 2400 1

96 2430 174 2489 certe
194 2431 264 2500 uita,
284 2431 399 2489 dulcedo
420 2431 449 2488 et
469 2447 534 2504 spes
553 2431 667 2489 nostrai
690 2431 718 2488 Si
739 2429 833 2488 tamen
848 2447 897 2504 per

97 2527 308 2587 meditationem
329 2529 414 2586 istius
428 2529 567 2603 passionis
587 2529 622 2586 ad
636 2529 714 2607 illam
737 2530 897 2601 perveneris

96 2627 282 2695 dulcedinem,
302 2627 336 2684 de
357 2643 413 2699 qua
433 2627 498 2695 dixi,
519 2627 564 2684 vel
585 2626 669 2684 etiam
690 2627 726 2684 ad
754 2627 897 2696 maiorem,

96 2725 225 2794 attende,
245 2723 279 2782 ut
299 2741 354 2784 non
376 2725 446 2782 uelis
476 2725 554 2782 illam
580 2726 738 2797 passionem
765 2725 896 2783 meditari

99 2862 261 2872 .-—--—

137 2981 140 2986 .
160 2941 186 3000 l)
204 2938 255 2987 cfr.
273 2938 385 2999 Soliloq„
401 2951 423 2985 c.
443 2937 454 2984 l
471 2951 496 2985 u.
514 2936 553 2984 39.
