2284 3484
160 1243 237 1319 Quae
258 1253 334 1318 runt,
358 1263 428 1324 queo
452 1245 559 1306 ducunt
583 1247 721 1308 hominem
743 1247 778 1307 ad

269 1343 511 1422 contemplationis
532 1343 665 1422 quietem.

145 1559 177 1616 Si
198 1557 235 1616 ad
254 1559 501 1631 contemplationis
522 1559 643 1632 quietern
666 1560 789 1617 volueris
809 1576 874 1632 per-

65 1657 173 1725 venire,
194 1657 224 1714 in
245 1656 273 1714 te
294 1656 352 1714 tria
373 1656 489 1715 studeas
510 1657 636 1714 radicare
652 1653 712 1730 (1):
735 1656 872 1725 Primum,

65 1755 98 1812 nt
119 1771 266 1826 nunqnam
289 1754 370 1812 tunm
393 1753 554 1812 Creatorem
576 1744 873 1826 offendas‘et‚‘qnoda

65 1853 93 1912 te
107 1852 138 1911 et
151 1852 189 1910 ab
203 1852 268 1909 aliis
282 1851 406 1936 qnotidie
420 1852 588 1922 offendatur,
599 1868 783 1924 recognoscas
796 1852 826 1910 et
839 1851 874 1910 de

65 1950 125 2008 tnis
153 1949 307 2008 sceleribus
332 1950 433 2009 intime
464 1950 561 2008 dolens
589 1950 708 2022 aliisque
736 1949 872 2023 tanquam

65 2048 119 2106 tibi
147 2047 323 2120 compatiens
349 2047 536 2117 abundanter,
559 2049 583 2104 si
612 2047 727 2120 poteris,
749 2046 873 2119 qnotidie

64 2147 233 2219 lacrymeris
254 2145 283 2204 et
304 2145 356 2205 hoc
377 2145 537 2218 recogitans
557 2146 649 2218 magis
668 2145 781 2202 tristari
800 2144 874 2202 desi-

64 2244 157 2312 deres
180 2260 265 2316 quarn
279 2243 411 2318 gaudere,
433 2259 559 2313 cernens,
575 2243 649 2315 qnod
669 2244 772 2301 nonin
793 2242 874 2300 statu

64 2358 166 2400 snmus
187 2341 325 2409 laetitias,
347 2342 394 2399 sed
416 2343 561 2399 moeroris.

146 2439 286 2512 Magnum
314 2439 359 2498 est
386 2441 470 2508 enim,
503 2439 527 2496 si
555 2437 644 2496 Denm
673 2439 801 2497 nostrum
834 2439 875 2496 sic

63 2539 197 2612 graviter
218 2537 326 2597 nostris
347 2537 457 2596 delictis
478 2537 624 2610 offensum,
647 2552 797 2609 possumus
813 2536 874 2595 toto

65 2638 196 2709 tempore
218 2636 295 2694 vitae
316 2634 432 2694 nostrae
447 2635 585 2708 plorando
606 2634 729 2707 placare.
742 2633 782 2691 Et
802 2633 876 2692 hanc

129 2868 153 2928 1)
172 2865 224 2914 cn.
243 2867 343 2924 Bonas„
356 2865 393 2912 Dc
405 2865 559 2925 perfectione
574 2865 641 2911 vitoe
658 2865 692 2912 cd
706 2879 814 2922 sorores,
826 2866 875 2912 c.5

63 2964 87 2996 n.
105 2950 121 2996 2
141 2951 174 3010 (t.
193 2947 249 2994 vm
266 2961 321 3006 pag.
341 2948 406 3006 117).
