2284 3484
438 222 552 286 106
957 240 1239 289 ennomus
1281 240 1507 291 morus.

434 435 715 507 recipiunt
759 435 816 494 in
858 434 962 495 hoc
1003 437 1228 495 mundo.
1272 437 1428 495 Tunc
1469 438 1637 495 etiam
1695 437 1751 494 te
1792 435 2036 510 perfecte

432 532 572 606 odis,
616 535 840 607 quando
882 552 994 593 non
1036 536 1219 594 solum
1271 537 1358 594 vis
1412 536 1484 594 ab
1523 537 1651 594 aliis
1703 535 2034 603 conculcari,

432 631 527 688 sod
570 630 739 691 otiam
798 633 1162 705 temetipsum
1218 634 1443 692 tantum
1498 633 1783 701 abhorre8‚
1826 633 1892 690 ut
1943 634 2034 689 vix

431 722 789 802 temetipsum
836 732 1027 789 valeas
1071 732 1334 801 tolerare,
1377 732 1435 790 et
1473 749 1534 790 es
1563 730 1783 789 tibimet
1823 731 2036 789 abomi-

431 826 639 885 nabilis
679 829 848 886 nimis
889 830 947 886 et
989 831 1165 888 velles
1206 831 1374 888 etiam
1417 847 1452 888 a
1492 828 1768 888 creaturis
1808 829 2036 888 irratio-

431 925 657 983 nalibus
698 927 756 985 et
797 928 1221 986 insensibilibus
1261 929 1582 1002 impugnari
1626 929 1701 997 et,
1742 945 1865 986 cum
1929 928 2034 985 ali-

430 1022 562 1096 quid
622 1025 855 1096 proptor
910 1025 1068 1083 tuam
1125 1027 1517 1085 necessitatem
1570 1025 1895 1084 delectabile
1932 1024 2035 1083 aut

431 1137 541 1178 non
599 1121 929 1181 afflictivum
988 1125 1212 1195 recipiS,
1269 1124 1467 1183 contra
1509 1124 1868 1196 temetipsum
1910 1122 2034 1180 tur-

429 1216 600 1286 baris,
633 1219 811 1277 solum
859 1220 1034 1278 Deum
1066 1223 1293 1293 quaeris
1336 1222 1393 1279 et
1432 1223 1617 1280 omnia
1657 1222 1846 1278 renuis
1874 1221 2034 1279 extra

430 1316 635 1388 ipsum.
667 1316 755 1375 Ad
798 1318 903 1377 hoc
943 1321 1133 1377 autem
1164 1320 1366 1378 donum
1401 1321 1800 1393 permaximum
1831 1317 2033 1377 haben-

428 1411 558 1471 dum
603 1414 836 1483 valebis,
880 1417 928 1473 si
969 1416 1315 1475 confidentor
1341 1418 1489 1474 etex
1531 1418 1692 1475 corde
1734 1433 1900 1488 saepe
1945 1433 2032 1488 pe·

427 1509 588 1569 tioris
629 1510 731 1571 hoc
759 1530 794 1570 a
824 1514 955 1573 Deo.
987 1515 1073 1572 Ex
1101 1516 1266 1587 parte
1295 1515 1483 1573 tamen
1514 1516 1613 1572 tua
1644 1515 1886 1586 possunt
1913 1531 2034 1572 osse

429 1607 621 1681 aliqua
662 1610 952 1669 inductiva
994 1612 1052 1670 et
1093 1611 1431 1685 dispositiva
1471 1614 1543 1671 ad
1584 1613 1787 1670 donum
1833 1611 2005 1670 istud.

590 1705 839 1766 Primum
885 1710 1105 1782 quidem
1151 1711 1504 1769 considerare
1545 1711 1728 1778 debeS,
1758 1710 1905 1782 quod
1943 1727 2034 1767 na-

426 1802 523 1861 tus
564 1821 624 1862 es
667 1806 723 1864 in
768 1809 1026 1879 poccat03
1060 1809 1118 1866 et
1148 1826 1213 1866 ex
1242 1826 1351 1882 quo
1392 1809 1464 1866 ab
1501 1810 1599 1867 illo
1627 1809 1855 1867 lavacro
1884 1825 2036 1881 rege-

429 1902 663 1959 neratus
704 1920 764 1961 es
807 1905 864 1961 et
908 1907 1190 1978 purgatus
1226 1906 1286 1964 et
1322 1906 1493 1974 lotuS,
1525 1906 1820 1978 postquam
1869 1924 2033 1964 usum

426 1998 588 2056 liberi
617 2000 841 2059 arbitrii
871 2019 1046 2075 usque
1074 2004 1148 2061 ad
1176 2004 1324 2062 hanc
1351 2003 1545 2062 horam
1577 2002 1846 2076 habuisti,
1872 2005 2035 2076 quasi

426 2095 689 2154 continue
752 2100 995 2170 peccasti
1052 2102 1343 2160 immemor
1408 2103 1620 2174 primae
1651 2099 1741 2174 (1)
1804 2102 2036 2161 lotionis

428 2209 570 2265 quae
612 2193 893 2253 derivavit
932 2215 966 2256 a
1007 2199 1188 2256 latere
1231 2200 1360 2257 Iesu
1407 2199 1638 2268 Christi,
1681 2200 1739 2258 et
1780 2199 2028 2256 divinam

426 2306 540 2349 non
583 2309 844 2352 reverens
886 2298 1259 2366 maiestatem,
1302 2299 1358 2357 in
1390 2299 1548 2356 cuius
1578 2298 1902 2371 praesentia
1930 2298 2035 2356 exi·

426 2388 634 2457 stabas,
665 2391 723 2448 et
752 2391 1110 2465 temetipsum
1142 2395 1429 2454 offendens
1459 2398 1588 2468 plus
1617 2413 1785 2468 quam
1826 2394 2035 2468 aliquis

424 2486 846 2545 crudelissimus
890 2491 1166 2549 inimicus,
1213 2492 1495 2562 Quomodo
1538 2494 1612 2561 te,
1669 2495 1716 2550 si
1771 2492 1912 2552 haec
1950 2509 2034 2551 co·

422 2580 717 2652 gitavoriS,
760 2600 869 2643 non
914 2587 1137 2645 odibis?
1178 2588 1254 2646 Et
1295 2591 1427 2662 quid
1471 2591 1688 2649 odimus
1729 2590 1838 2648 nisi
1883 2590 2032 2647 mala

422 2677 710 2738 contraria
751 2682 809 2739 et
851 2685 1091 2742 nociva?
1134 2685 1279 2755 Quid
1334 2689 1481 2746 onim
1534 2689 1691 2761 peius
1747 2704 1917 2760 quam
1973 2689 2056 2746 se'

555 2889 600 2948 1)
640 2891 686 2936 Μ
713 2894 977 2952 propriae.
