2284 3484
227 1190 351 1267 Qualiter
370 1191 450 1252 homo
469 1191 553 1252 debet
574 1211 603 1252 so
624 1190 659 1252 ed
679 1210 799 1252 amorem
819 1191 872 1253 Dei
892 1193 1024 1266 excitem,

334 1297 364 1350 et
383 1297 518 1368 quantum
537 1297 631 1368 potest
650 1289 740 1368 ignire
760 1308 917 1350 corsuum.

308 1504 379 1574 Quia
400 1522 448 1564 cor
467 1506 688 1578 contemplantis
708 1522 763 1565 non
785 1505 879 1564 cesset
892 1507 951 1564 sive
972 1523 1028 1565 ees-

228 1618 291 1660 sare
311 1619 367 1661 non
382 1603 465 1661 debet
481 1603 663 1678 investigare,
678 1605 813 1678 quomodo
828 1605 870 1663 sui
885 1603 1029 1664 creatoris

228 1716 323 1759 amore
342 1702 467 1774 emplius
486 1701 656 1774 inardescat,
679 1704 811 1776 proposui
832 1703 867 1761 ad
893 1702 946 1762 hoc
967 1704 1028 1762 bal-

227 1799 340 1857 butiens
360 1800 490 1858 inducere
510 1800 617 1873 aliquid
638 1800 822 1860 inductivum.

306 1897 402 1956 Primo
422 1914 490 1971 ergo
511 1915 640 1971 agnosce,
661 1897 753 1968 homo,
774 1898 847 1972 quod
874 1898 947 1957 nihil
975 1899 1027 1966 est,

226 1995 299 2066 qnod
313 1993 349 2052 ad
369 1997 429 2054 eins
449 2012 573 2054 amorem
593 1996 707 2054 tantum
722 1996 751 2054 te
770 1996 938 2066 inflammet,
953 1998 1027 2055 sicut

226 2092 421 2150 beneficiorum
434 2095 570 2152 immensa
580 2095 703 2152 donatio.
716 2093 777 2152 Hoc
787 2095 860 2152 enim
871 2095 942 2167 ipso,
954 2095 1028 2168 qnod

226 2191 321 2262 ipsnm
335 2191 394 2248 tam
408 2191 445 2248 ad
458 2191 634 2265 largiendum
651 2192 702 2250 tibi
716 2191 868 2250 ineffabilia
881 2192 1028 2250 liberalem

225 2289 374 2360 recogitas,
395 2290 489 2361 ipsum
510 2290 539 2348 to
559 2290 676 2363 diligere
690 2290 807 2348 nimium
827 2290 976 2362 cogitabis.
990 2289 1029 2346 nt

226 2386 367 2458 quidest,
395 2387 469 2459 qnod
495 2389 587 2460 magis
614 2388 716 2465 excitet
742 2387 778 2454 ad
799 2404 922 2446 amorem
943 2405 1027 2462 qnam

226 2483 307 2556 diligi
320 2485 350 2541 et
363 2486 474 2542 amari?
487 2485 548 2544 Hoc
561 2487 634 2543 enim
650 2485 758 2544 faciunt
771 2485 1028 2559 quantumcumque

225 2582 351 2640 crudeles
372 2582 508 2652 homines,
529 2585 596 2656 qnia
616 2584 770 2658 diligentes
782 2601 812 2642 sc
826 2583 957 2658 diligunt
972 2584 1027 2660 (1),

225 2681 354 2751 quamvis
384 2698 452 2754 erga
482 2698 563 2739 sunm
597 2681 757 2740 Creatorem
786 2681 846 2752 hoc,
868 2682 1027 2756 instigante

289 2891 311 2949 1)
329 2890 462 2950 Respicitnr
479 2893 546 2939 Pror.
565 2892 590 2951 8,
609 2891 647 2940 17.
