2284 3484
233 251 291 313 102
498 271 639 318 erramus
659 271 773 318 secare.

230 481 297 538 gere
317 466 346 523 in
367 465 529 536 aeternurn3
550 467 580 524 et
601 482 652 540 ego
673 466 702 524 te
723 483 779 525 non
800 467 925 540 diligam,
945 467 1036 524 Deum

231 580 323 620 meum
332 565 346 619 i
356 563 420 623 Non
432 564 505 622 dico:
518 566 666 636 sanguinis
677 563 783 632 effusio,
796 581 866 638 quae
878 563 940 622 tota
951 565 1037 637 plena

231 661 275 718 est
295 662 424 731 caritate,
440 663 488 720 sed
510 663 600 722 solum
623 662 690 720 tuus
711 663 843 736 aspectus
855 662 900 736 (1)
916 680 960 720 me
981 664 1038 721 ine

230 758 324 818 briare
344 760 473 829 deberet3
491 760 598 833 quanto
613 777 679 834 ergo
694 763 785 834 magis
799 762 893 832 passio
907 760 958 818 tua
972 778 1038 834 gra-

230 858 346 915 uissima
368 858 397 915 et
417 859 572 930 ignominia
594 860 700 931 plena?
721 858 803 918 Certe
821 876 864 918 me
878 858 973 916 totum
987 875 1038 918 vo—

230 955 319 1023 luisti,
341 956 388 1028 qui
410 956 479 1013 mihi
500 957 528 1014 te
548 956 641 1014 toturn
663 956 798 1015 tribuisti.

309 1051 348 1109 Et
368 1055 432 1126 quis
447 1054 608 1126 requirebat
621 1054 673 1113 hoc
693 1055 727 1113 de
741 1071 826 1112 manu
839 1053 901 1122 tua,
917 1053 1036 1112 Domine
1139 1035 1140 1064 ³

230 1150 290 1206 mi?
311 1149 367 1207 Cur
388 1149 440 1207 tibi
461 1167 545 1209 curae
565 1151 621 1209 fnit
647 1153 680 1209 de
708 1152 768 1210 tam
796 1152 934 1210 vilissima
961 1167 1037 1208 crea·
1060 1226 1063 1230 ¹

229 1247 317 1305 tura?
334 1248 425 1316 Certe,
440 1248 512 1306 nihil
532 1251 609 1307 aliud
631 1251 685 1308 nisi
707 1251 757 1308 tua
771 1251 858 1308 nimia
878 1249 993 1308 bonitas
1007 1248 1036 1307 et

228 1346 366 1403 immensa
386 1347 498 1404 dilectio
513 1347 565 1405 hoc
579 1348 679 1420 exegit.
695 1347 779 1417 Nam,
795 1349 818 1405 si
833 1364 885 1406 nos
899 1347 1035 1405 redimere

229 1443 352 1511 uolebas,
375 1443 459 1500 aliter
480 1443 570 1502 iacere
593 1445 727 1517 potuisti;
749 1444 796 1502 sed
818 1446 858 1502 sic
881 1444 973 1503 facere
996 1444 1035 1502 di-

227 1540 334 1612 gnatus
356 1557 395 1607 es,
410 1542 443 1598 ut
457 1558 509 1599 nos
523 1543 572 1600 tuo
587 1543 710 1614 amplius
724 1542 915 1600 inflammares
929 1559 1035 1601 amore.

229 1635 252 1694 0
272 1654 351 1696 amor
372 1639 401 1696 et
421 1640 589 1698 desiderium
611 1640 718 1699 cordisl
741 1657 756 1699 o
777 1640 893 1699 dulcedo
921 1641 951 1697 et
971 1657 1035 1698 sua·

228 1736 306 1792 vitas
327 1736 446 1794 mentisl
468 1754 484 1795 o
504 1738 591 1795 ardor
611 1738 639 1795 et
660 1737 846 1796 inflammatio
860 1737 998 1811 pectoris!
1018 1755 1035 1797 o

228 1832 277 1889 lux
298 1834 327 1890 et
348 1835 466 1892 claritas
487 1837 647 1894 oculorum!
676 1838 821 1894 cedrium
848 1836 1033 1910 symphonia!

229 1946 244 1988 0
266 1929 359 1988 hostia
380 1933 519 1991 odorifera
543 1934 601 1991 Deo
624 1933 720 1991 Patri!
743 1951 759 1993 ο
780 1933 915 1992 melliflua
935 1935 1034 2008 gusta·

228 2028 268 2086 tio
283 2031 431 2101 sauguinis
443 2031 503 2105 (2)!
526 2047 542 2089 o
562 2032 760 2090 amantissima
775 2033 901 2104 palpatio
915 2033 1032 2090 lateris!

227 2127 359 2183 oanima
381 2145 451 2196 mea,
478 2129 538 2186 vita
567 2147 639 2198 mea,
661 2131 768 2188 viscera
798 2130 890 2188 cordis
917 2131 987 2188 mei!
1017 2147 1033 2190 o

227 2223 351 2281 medulla
365 2227 478 2292 ossium,
495 2227 636 2299 vegetatio
650 2229 787 2296 carnium,
802 2226 972 2287 sensificatio
987 2244 1033 2286 or-

225 2337 374 2393 ganorum,
396 2323 558 2382 intellectus
579 2327 730 2398 inspiratio
743 2327 773 2384 et
786 2327 938 2384 exsultatio
953 2329 1031 2384 meai

226 2433 276 2474 cur
296 2436 348 2491 ego
368 2419 447 2478 totus
468 2439 524 2480 non
547 2440 608 2480 sum
630 2425 658 2481 in
682 2425 762 2482 tuum
783 2441 935 2484 conversus
954 2411 1052 2483 arno·⁴

225 2517 307 2572 rem?
327 2507 420 2584 Quare
440 2521 484 2577 est
505 2521 612 2593 aliquid
639 2523 668 2579 in
690 2539 733 2580 me
758 2522 812 2580 nisi
833 2524 933 2584 amor?
961 2523 1031 2593 Quo·

225 2612 306 2671 modo
336 2631 450 2686 possum
478 2618 556 2676 aliud
587 2620 738 2678 meditari?
772 2620 810 2678 Et
837 2620 904 2694 quid
935 2625 1030 2682 amore'

226 2757 386 2766 ——-

290 2843 312 2901 1)
330 2845 354 2890 M
370 2848 509 2905 amplexae.

287 2922 312 2983 2)
330 2923 348 2970 L
364 2927 449 2982 fluxae
464 2930 605 2988 sanquine.
