2284 3484
98 347 904 415 aee-eatam

390 969 510 1069 §opst
536 970 617 1068 g}-

102 1203 149 1264 Ad
170 1201 375 1281 reprimendam
398 1200 582 1262 tentationem
602 1199 637 1260 de
657 1198 908 1278 praedestinatione

359 1306 388 1360 ot
408 1298 442 1360 de
462 1297 656 1377 praesoiontia.

186 1517 215 1574 Si
236 1516 270 1574 de
299 1514 555 1588 praedestinatione
580 1514 632 1571 ant
661 1513 694 1570 de
723 1512 908 1584 praescientia

103 1617 156 1674 Dei
177 1615 231 1673 tibi
253 1615 348 1688 alique
377 1614 513 1686 subrepat
538 1612 682 1686 cogitatio,
704 1613 744 1669 sio
771 1610 909 1683 responde

103 1714 216 1773 diabolo
237 1713 308 1772 talia
330 1713 509 1786 propinanti:
533 1710 672 1783 Quidquid
694 1710 732 1767 sit
752 1709 786 1767 de
807 1727 859 1777 me,
881 1709 910 1766 to

104 1813 213 1870 eertum
236 1811 362 1870 estesse
383 1810 566 1879 damnatum3
596 1809 653 1876 sed,
678 1809 732 1866 etsi
760 1824 811 1880 ego
833 1824 911 1879 prae·

105 1910 196 1968 scitus
216 1926 279 1967 sum
308 1909 337 1966 et
366 1909 455 1966 Deum
488 1925 581 1965 meum
611 1907 715 1964 habere
741 1921 797 1963 non
826 1903 910 1962 debeo

106 2010 172 2080 post
203 2007 277 2066 hano
307 2008 404 2075 vitam,
432 2007 501 2064 totis
533 2007 603 2063 meis
630 2004 738 2062 viribus
767 2002 910 2073 laborabo,

107 2108 141 2165 nt
162 2106 266 2164 saitem
287 2107 380 2177 ipsum
402 2104 518 2162 habeam
541 2105 570 2161 in
592 2102 734 2176 praesenti
762 2101 791 2158 et
818 2103 909 2172 ipsum

107 2204 276 2278 possideam,
298 2205 435 2276 quantum
461 2203 574 2275 possim,
593 2219 627 2258 ne
648 2202 677 2258 in
699 2200 819 2272 utroque
834 2199 912 2255 statu

105 2321 218 2362 caream
240 2303 323 2361 tento
337 2303 418 2361 bono.
433 2300 606 2360 Momentum
627 2301 716 2372 igitur
732 2298 867 2370 temporis
880 2296 913 2354 de

105 2403 200 2461 cetero
218 2419 273 2461 non
288 2400 440 2469 dimittam,
454 2401 522 2472 quin
544 2398 694 2456 seeundum
717 2413 808 2454 meum
831 2412 913 2468 posse

105 2499 238 2560 totaliter
249 2500 329 2558 fruar
340 2501 401 2571 ipso
413 2498 441 2556 et
455 2514 565 2569 semper
575 2498 605 2554 in
619 2497 682 2567 ipsa
696 2511 805 2552 summa
819 2495 913 2552 iucun-

106 2599 199 2657 ditate
219 2597 351 2666 deleoter,
366 2614 398 2654 ex
413 2613 466 2669 quo
480 2595 626 2652 aeternam
640 2594 780 2651 miseriam
802 2591 914 2664 assequi

105 2697 193 2756 debeo
209 2693 254 2771 (1)
277 2697 306 2753 in
332 2695 438 2752 futuro.
463 2686 599 2766 Nunquid
624 2708 679 2749 non
709 2690 776 2748 mihi
804 2707 913 2747 sumnia

105 2833 269 2844 .....-.----

173 2911 197 2970 1)
215 2911 240 2956 Μ
257 2911 386 2956 aeternam
402 2905 599 2954 mirericordiam
615 2905 714 2963 wopai
730 2915 780 2949 non
795 2902 876 2949 dedeo.
