2284 3484
237 232 295 289 160
375 252 517 293 sennenn
538 251 677 293 renerus
697 253 750 293 eno
769 252 898 295 nupsero.

234 442 294 499 tarn
316 444 454 515 magistra
476 444 631 517 paupertas
651 444 769 512 orueiat,
790 444 875 502 donec
895 444 932 501 ad
956 446 1038 503 recti-

234 539 360 597 tudinem
384 541 560 612 perducat».
584 541 712 613 Qualiter
742 543 836 599 autem
867 542 1036 601 divitiarum
1138 609 1139 618 χ

236 639 389 710 periculum
411 640 508 713 serpat
528 641 556 697 in
576 640 676 698 loouiis
691 641 734 698 vei
749 641 856 698 divitiis
869 642 898 698 in
919 627 1035 699 modurn

234 737 389 797 loculorum
403 737 519 806 habitis,
534 738 635 797 docent
649 739 791 807 scandala,
807 739 933 797 clamant
947 758 1036 799 ouem-

235 838 292 909 pia,
313 853 384 909 quoe
405 837 484 895 nulia
507 838 627 909 possunt
640 838 874 911 tergiversatione
888 838 1034 897 ooonitari.
1139 873 1140 922 3

236 935 277 992 De
297 952 352 1007 qno
373 936 495 1008 tangens
515 936 705 1009 Hieronymus
725 938 753 993 in
777 935 922 1008 epitaphio
943 937 1035 1009 Nopo

236 1032 305 1090 tiani
318 1033 363 1107 (1)
384 1033 466 1091 dioit:
493 1056 508 1084 α
519 1033 577 1091 Alii
591 1050 734 1091 numinum
749 1032 857 1091 addant
870 1051 986 1091 nummo
1006 1035 1035 1091 et

235 1132 408 1203 marsupium
431 1131 601 1190 suffocantes
632 1132 824 1190 matronarum
846 1148 914 1203 opos
935 1150 1025 1191 venen

236 1229 284 1287 tur
305 1230 444 1301 obsequiis
458 1253 473 1282 ι
497 1232 550 1288 eto.
572 1230 651 1299 Quod
672 1230 766 1289 autom
787 1230 902 1287 divitiae
923 1231 970 1287 voi
991 1248 1035 1303 pe

235 1329 332 1387 ouniue
353 1328 476 1387 afferant
496 1346 588 1386 seeum
604 1329 769 1402 perieulum,
784 1329 864 1386 dooet
879 1328 1035 1387 multitudo

234 1427 420 1495 abutentium,
441 1429 507 1500 qnia
528 1428 603 1500 ignis
623 1427 683 1485 urit
703 1427 785 1484 tanto
799 1426 911 1495 fortius,
926 1428 1035 1499 quanto
1068 1436 1073 1444 “

235 1526 327 1582 minus
349 1527 409 1583 eius
430 1526 548 1583 matoria
569 1525 746 1583 diffunditur.

314 1722 348 1780 In
370 1722 415 1779 his
435 1723 524 1795 igitur
544 1721 703 1779 assentiens
733 1722 839 1780 Seniori
860 1723 889 1779 in
910 1722 1034 1779 aiterum
1140 1757 1141 1762 κ

234 1820 397 1892 scrupulum
418 1821 521 1892 impegi
542 1820 641 1888 denuo,
662 1820 800 1893 cogitans,
820 1820 917 1877 utrum
938 1819 975 1876 ad
989 1820 1036 1876 iit

234 1919 323 1975 teram
344 1918 533 1976 calceamenta
555 1918 691 1976 Dominus
722 1918 860 1991 apostolis
879 1917 1037 1975 inhibuerit

233 2016 382 2087 deportare
391 2017 445 2089 (2).
460 2016 549 2073 Valde
563 2018 636 2073 enirn
653 2016 764 2074 videtur
778 2033 839 2073 esse
853 2017 910 2074 alia
924 2016 1037 2074 sonten·

235 2116 276 2172 tie
296 2115 417 2173 doctoris
432 2116 537 2187 egregii
552 2116 707 2188 Augustini
720 2116 793 2174 libro
807 2116 853 2173 De
866 2115 1036 2173 haeresibus

235 2228 258 2270 o.
271 2212 325 2271 68:
345 2235 360 2264 ι
371 2200 432 2281 Est,
445 2214 568 2285 inquam,
581 2213 705 2271 haeresis
716 2214 799 2271 nudis
811 2213 928 2286 pedibus
938 2214 1037 2271 ambu-

234 2310 366 2379 lantium,
388 2328 438 2384 pro
458 2328 490 2370 eo
508 2312 581 2385 quod
595 2313 697 2371 dixerit
711 2313 848 2370 Dominus
867 2311 903 2369 od
917 2311 1036 2385 Moysen

235 2408 321 2465 Exodi
336 2408 424 2483 3(3):
441 2408 525 2467 Soloe
545 2410 770 2468 calecamentum
784 2410 817 2467 de
825 2410 950 2482 pedion
966 2410 1036 2482 tuis,

234 2571 392 2579 -----.

299 2675 321 2733 1)
339 2674 417 2733 Epist.
435 2674 466 2721 60
484 2675 594 2735 (elisisti)
613 2690 637 2722 u.
657 2676 694 2723 11.

297 2756 321 2814 2]
341 2756 384 2801 Pro
405 2756 557 2813 sequentibus
578 2757 622 2803 ofr.
644 2758 744 2815 Bonan,
761 2758 837 2817 Apol.
856 2772 947 2817 paup„
965 2771 987 2803 e.
1007 2758 1037 2803 10
1057 2803 1064 2809 ,

235 2850 259 2882 n.
277 2835 291 2882 4
308 2837 333 2882 et
349 2836 443 2895 Expos.
461 2850 517 2897 sup.
535 2838 615 2896 repul.
633 2838 662 2883 F.
682 2838 727 2894 M„
745 2852 766 2885 o.
784 2839 839 2884 211.
860 2838 896 2885 19.

298 2916 322 2975 3)
340 2915 368 2961 V.
386 2917 411 2963 ὁ.
