2284 3484
236 226 293 284 190
374 228 517 285 cinrrcnn
538 242 674 285 recreare
694 242 748 284 nne
768 242 897 283 nnncre.

235 434 361 493 firment
375 433 430 509 (1).
452 432 516 492 non
538 432 628 507 igitur
647 432 681 491 n
700 432 917 505 iurisperitus
931 433 1038 490 enea-
1125 403 1126 416 '

236 534 285 600 ris,
308 533 406 601 sciens,
424 532 497 604 qnod
513 532 613 603 pedum
628 531 744 588 nuditas
758 531 907 589 vehemens
919 532 966 588 est
978 548 1038 589 cnr·

237 632 314 703 peris
334 630 449 688 afflictio
470 629 499 687 et
513 629 610 688 efficax
624 629 781 701 exemplum
796 628 831 686 ad
845 629 1037 701 poenitentiae

237 729 382 787 stimulum
394 729 423 785 in
434 728 498 785 aliis
508 728 684 785 excitandum
691 727 745 802 (2).
755 727 854 785 Discas
864 727 1036 785 tamencum

236 828 307 899 ipsis
322 827 427 883 servire
442 826 561 885 Domine
576 843 651 883 mere
671 826 825 898 apostolico
838 826 872 883 in
885 823 999 898 friqcre
1011 828 1039 881 ct

237 923 371 983 nuditate
382 924 437 998 (3),
453 925 630 996 praesertim,
644 925 710 997 qnia
724 924 821 981 nuilus
835 923 880 980 est
893 923 971 982 orbis
989 940 1038 980 an·

237 1023 331 1097 gntus,
352 1023 387 1079 ad
408 1039 490 1095 quern
510 1022 674 1080 christianis
698 1021 797 1094 pateat
818 1038 958 1090 accessus,
978 1022 1038 1079 sine

238 1122 313 1179 inter
333 1121 469 1179 Tartaros
490 1122 548 1178 sine
569 1108 644 1178 inter
658 1120 779 1179 Graecos
800 1120 859 1177 sive
878 1121 955 1178 inter
976 1121 1038 1177 bar-

238 1219 321 1278 baros
341 1220 392 1277 ant
413 1219 498 1277 etiarn
519 1235 676 1286 saracenos,
692 1236 774 1292 quem
788 1218 893 1276 iratres
906 1220 962 1291 ipsi
980 1235 1037 1277 nen

238 1316 427 1385 visitaverint,
449 1318 477 1374 in
499 1334 553 1390 qne
575 1316 699 1375 fructum
719 1333 775 1375 nen
795 1315 913 1375 fecerint
932 1318 1039 1374 anima-

238 1432 300 1473 rnnr
314 1415 375 1490 (4);
390 1416 463 1473 uncle
478 1416 507 1473 et
520 1414 696 1473 undecimum
718 1415 808 1487 ipsius
829 1415 943 1488 regulae
964 1417 1038 1487 capi·

240 1513 331 1570 tulum
343 1513 376 1570 de
387 1512 519 1571 euntibus
533 1512 609 1570 inter
623 1529 772 1571 saracenos
785 1513 911 1586 loquitur
925 1513 955 1569 et
967 1514 1040 1571 alios
1125 1505 1126 1536 ³

240 1610 376 1669 infideles.
393 1611 435 1670 Ad
457 1610 525 1669 haec
539 1611 682 1680 advertas,
696 1610 770 1684 qnod
794 1611 951 1685 regnia(5)
975 1612 1040 1683 ipsa
1125 1615 1126 1622 ’

244 1726 294 1781 pro
321 1730 335 1759 c
347 1709 497 1767 manifesta
517 1710 685 1767 necessitate
706 1710 751 1766 vei
771 1708 965 1767 infirmitate»
982 1726 1039 1767 nen
1125 1769 1127 1776 ,

241 1809 330 1866 solnm
353 1808 471 1865 calceari
493 1807 643 1880 permittit,
671 1825 768 1865 verum
796 1807 879 1865 etiarn
902 1807 1039 1880 equitare,
1125 1871 1126 1876 η

241 1924 311 1980 quae
337 1905 458 1963 remedia
485 1906 606 1963 infirmis
634 1906 702 1963 sunt
729 1906 893 1978 pierumque
921 1906 1040 1977 pedibus

241 2006 408 2072 neccssaria,
430 2000 589 2085 inaestate
610 2004 674 2076 plns
701 2021 785 2077 quam
811 2005 840 2061 in
867 2003 967 2071 hieme,
989 2020 1041 2076 pro
1125 2013 1126 2034 ³

241 2120 280 2171 ec,
303 2102 375 2175 qnod
408 2104 513 2161 «calor
540 2102 643 2160 fortius
670 2103 830 2175 comprimit
862 2102 956 2159 terrae
980 2103 1042 2175 gle-

241 2201 292 2258 bas
323 2218 406 2273 quarn
438 2200 538 2274 frigus,
569 2201 598 2259 et
629 2202 729 2262 erescit
761 2202 902 2273 asperitas
927 2202 1040 2269 celcris,

241 2299 407 2358 ascendente
436 2300 502 2369 soie,
534 2300 645 2373 quande
676 2299 810 2358 decrescit
840 2299 983 2372 asperitas
1009 2317 1043 2357 ex

243 2436 400 2447 --.-..--

306 2508 328 2564 1)
346 2507 394 2555 Cir.
412 2508 511 2565 Bonan,
530 2506 612 2567 Epist.
630 2508 659 2552 de
674 2507 772 2553 candal.
790 2510 882 2565 apest„
902 2506 1043 2564 praesertim

242 2588 321 2633 notam
341 2586 362 2633 i.
890 2588 894 2595 '

304 2669 328 2723 2)
346 2666 395 2715 cfr.
413 2669 512 2725 Bonan,
530 2668 635 2727 Apeloq.
649 2682 742 2727 paup„
758 2680 779 2713 c.
801 2668 829 2713 10
845 2681 870 2713 n.
888 2668 912 2713 8.

305 2748 437 2805 3)1100r.
458 2748 495 2806 li,
513 2746 552 2795 27.

304 2827 329 2885 4)
347 2827 394 2875 Cfr.
413 2829 512 2885 Bonan,
526 2829 619 2888 Eoepoc.
635 2844 691 2887 cup.
705 2830 786 2887 νομαὶ.
798 2829 828 2874 F.
841 2827 887 2885 M„
898 2828 946 2874 c.2
964 2843 989 2875 n.
1005 2830 1040 2876 18.

305 2908 329 2963 5)
348 2907 403 2953 Scii.
422 2922 443 2953 c.
461 2909 475 2953 2
492 2910 517 2955 et
534 2909 556 2955 3.
