2284 3484
237 240 295 300 114
502 258 642 300 srruuuus
663 257 775 300 anonis.

236 447 344 505 adhoc
365 447 450 504 etad
471 449 564 506 omnia
587 449 666 505 utilis
687 447 740 515 est,
755 447 821 504 durn
839 447 933 504 tamen
955 447 1037 506 homo

236 547 358 618 quietem
378 547 482 603 mentis
503 548 531 604 in
552 546 648 604 labore
670 546 820 604 custodiat.
842 546 902 603 Nec
923 547 1037 618 requiri·

237 644 286 700 tur
306 643 438 702 ualetudo
465 645 600 716 corporis,
621 645 687 716 quia
717 644 858 716 repugnat
882 643 1037 701 valetudini

235 742 366 812 spiritus.
387 741 552 814 Requiritur
583 742 678 800 autern
708 742 788 800 labor
816 742 907 800 cordis
928 744 957 799 in
978 758 1037 799 sur-

235 840 326 912 gendo
347 840 376 896 et
397 840 526 898 totaliter
540 857 569 898 se
584 840 732 899 avellendo
751 840 868 898 abistis
889 841 995 898 infimis
1009 841 1038 897 et

236 937 272 994 ad
292 937 425 994 caelestia
445 938 635 1007 ascendend03
657 937 695 1004 et,
716 938 783 996 dum
807 938 975 1001 ascenderis,
998 955 1037 995 re·

236 1035 360 1107 quiritur
370 1038 448 1107 quies
463 1035 575 1095 mentis.
587 1035 710 1093 Multum
725 1037 798 1092 enirn
813 1035 948 1094 abhorret
961 1035 1037 1093 Deus
1135 1041 1136 1046 ’

236 1149 308 1200 eum,
330 1134 377 1204 qui
399 1134 492 1203 ipsum
513 1132 648 1205 degustat
668 1136 696 1190 ot
718 1133 754 1190 ibi
776 1149 832 1190 non
847 1134 973 1205 quiescit,
989 1133 1037 1190 sed

236 1229 340 1301 potius,
361 1230 498 1303 tanquam
520 1231 543 1287 si
563 1231 640 1288 Deus
654 1247 709 1289 non
725 1232 800 1288 esset
814 1231 866 1288 sibi
886 1231 1037 1298 sufficiens,

235 1327 309 1384 redit
331 1328 366 1384 ad
387 1328 575 1399 amplexanda
607 1330 732 1386 stercora
753 1328 782 1385 et
807 1329 847 1386 sio
873 1327 1038 1400 inquinatus

236 1425 299 1482 vult
322 1425 470 1482 Dominum
491 1427 594 1483 iterum
616 1427 779 1499 amplexari.
803 1427 855 1484 Sed
880 1426 964 1494 certe,
986 1427 1038 1484 hoo

236 1524 284 1580 uui
301 1523 405 1581 rustico
420 1523 510 1581 facere
524 1541 580 1582 nou
596 1524 777 1594 auderemus3
795 1524 824 1581 et
837 1525 932 1596 ipsum
947 1525 1037 1582 Deum

236 1620 302 1692 plus
312 1622 388 1677 omni
399 1620 505 1678 rustico
516 1621 716 1692 vilipendimus
727 1620 756 1679 et
766 1621 950 1679 nihilominus
961 1622 1038 1679 voiu-

235 1733 308 1785 mus,
320 1718 393 1789 quod
404 1720 433 1775 in
444 1718 574 1776 omnibus
590 1719 748 1776 satisfaciat
760 1718 901 1776 voluntati
912 1719 1037 1776 nostrae.

316 1815 369 1872 Sed
390 1831 445 1872 uon
471 1816 516 1872 est
536 1817 593 1873 ista
615 1817 677 1885 ria3
700 1816 747 1872 sed
770 1817 793 1872 si
814 1816 968 1888 impetrare
990 1833 1039 1873 vo·

235 1913 323 1970 lueris
345 1913 405 1970 sine
427 1913 541 1983 repulsa
561 1913 621 1970 tarn
644 1914 816 1985 praecellens
833 1914 937 1971 donum
952 1931 1038 1986 quarn

235 2011 302 2078 alia,
317 2010 353 2067 ad
373 2011 467 2081 ipsum
488 2014 649 2068 reverenter
663 2012 842 2080 conscendas,
857 2011 950 2084 ibique
965 2013 1040 2084 quie·

236 2125 298 2164 scas
318 2108 348 2164 et
368 2107 488 2165 sollicite
509 2125 578 2181 roga
599 2126 671 2175 eum,
693 2108 725 2166 ut
752 2110 780 2167 to
809 2126 865 2167 non
887 2108 1040 2180 permittat

234 2206 359 2276 amplius
379 2205 469 2262 redire
483 2205 518 2262 ad
535 2207 671 2264 vomitum
683 2205 801 2280 (1).'Et,
823 2208 846 2264 si
868 2208 907 2264 sie
928 2206 1039 2279 sacaria,

234 2320 290 2360 non
311 2302 420 2370 dubito,
442 2304 516 2375 quod
537 2303 574 2361 ab
595 2304 644 2362 illo
665 2305 814 2376 splendore
839 2304 954 2362 aeterno
977 2306 1039 2362 iilu-

235 2401 361 2458 minatus
375 2402 441 2459 tuas
455 2402 584 2459 miserias
605 2419 786 2475 recognosces
800 2403 829 2460 et
843 2419 929 2474 super
944 2405 1040 2462 omnia

235 2925 393 2932 ———-—-

298 3000 321 3060 1)
338 2999 473 3060 Respicitur
488 3000 510 3047 11
526 3002 591 3049 Petr.
610 3001 634 3061 2,
652 3001 690 3050 22.

234 2499 262 2556 te
284 2498 383 2567 adibis,
403 2499 528 2556 divinam
549 2501 701 2571 experieris
716 2500 872 2558 bonitatem
893 2500 922 2558 ot
943 2503 1039 2559 omnia
1137 2517 1138 2580 i

234 2596 371 2668 tauquam
385 2597 510 2655 stercora
524 2596 653 2656 refutans
667 2599 845 2671 coniungeris
860 2599 965 2656 amoris
979 2600 1039 2677 rin·
1137 2581 1138 2624 ᾗ

233 2695 297 2752 culo
317 2695 369 2751 soii
392 2695 459 2765 Deo.
482 2692 559 2763 ouon
581 2697 642 2766 ipse
663 2696 744 2754 nobis
764 2695 906 2764 concedat,
927 2697 975 2768 qui
995 2696 1038 2753 be·

233 2789 362 2848 nedictus
383 2790 427 2846 est
447 2791 475 2847 iu
498 2791 620 2848 saecula.
641 2791 741 2849 Arnen.
