2284 3484
240 224 297 285 146
378 244 520 287 cnnrrcnn
541 245 678 288 rnorrnrs
697 246 752 287 roo
771 246 899 289 nocero.

238 434 360 508 tempori
380 436 507 509 reguiam
528 435 661 504 decrerit,
680 436 857 509 permittens,
878 437 912 495 nt
932 437 1042 497 tollant

237 534 396 593 necessaria
416 533 513 604 victui,
527 534 613 593 donec
626 535 720 607 sopite
734 536 943 609 persecutorum
961 537 1041 594 insa-

238 632 296 701 nia,
307 632 420 706 tempus
431 634 641 707 evangelizandi
656 633 754 692 redeat
763 657 792 693 ›.
806 634 883 692 Haec
896 634 975 693 Beda
982 633 1040 708 (1).

318 730 402 799 Item,
427 732 493 803 quic
513 731 558 789 lex
579 746 694 805 opernm
715 733 829 791 iocoso
850 732 880 789 et
900 749 934 790 ex
953 749 1041 790 causa

240 828 431 901 dispensative
453 829 525 888 solet
545 830 697 903 aliqnando
721 830 883 898 intermitti,
905 830 1041 889 Christus

238 926 389 1000 aliquando
400 944 433 985 or
447 944 532 986 cansa
542 929 649 987 loculos
663 928 759 987 haberi
770 929 922 997 consensit,
937 931 1039 998 sciens,

238 1039 295 1084 non
310 1041 406 1084 omnes
424 1027 547 1098 possein
563 1027 722 1098 praedictae
735 1026 922 1085 districtionis
937 1028 1039 1085 semite

238 1122 510 1183 ambulareflabnit
520 1139 589 1197 ergo
598 1124 705 1182 loculos
716 1126 744 1182 in
756 1140 865 1182 somma
873 1141 926 1197 pro
933 1125 1039 1197 duplici

238 1236 333 1281 conss
348 1222 508 1294 Aliquando
523 1224 708 1294 proeliorum
724 1240 797 1280 mere
811 1223 1038 1292 necessitatibus,

237 1318 373 1392 utsupra
388 1320 432 1393 (2)
455 1319 535 1391 patet
554 1338 588 1377 er
609 1320 779 1394 Hieronymo
791 1320 820 1378 in
835 1320 976 1379 solutione
990 1320 1038 1378 tri·

238 1416 309 1486 buti,
341 1416 500 1477 huiusmodi
526 1419 684 1491 exemptum
715 1419 877 1491 relinquens
906 1418 1039 1476 ecciesiae

238 1515 384 1588 praelatis,
412 1517 445 1574 nt
476 1516 589 1575 tanturn
616 1532 702 1575 cansa
731 1516 959 1589 dispensationis,
981 1534 1037 1575 non

241 1614 313 1673 lucri
332 1615 376 1673 vel
398 1615 533 1674 commodi
554 1617 613 1674 sire
633 1615 748 1675 honoris
768 1617 948 1674 consentiant
964 1615 1039 1673 bons

238 1714 425 1773 ecclesiastica
439 1714 625 1784 contrectari3
639 1714 706 1773 item
720 1714 821 1772 habuit
833 1714 986 1785 aliqnando
1000 1714 1038 1772 ic

238 1812 316 1870 cnios
324 1813 546 1871 condescendens
556 1812 687 1885 infirmis,
695 1815 742 1885 qui
752 1811 859 1870 habent
868 1812 975 1870 loculos
986 1828 1039 1885 pro

220 1978 221 1983 η
238 1927 268 1969 se
288 1911 368 1983 ipsis,
387 1912 420 1969 nt
440 1912 559 1980 doceret,
575 1914 664 1971 serris
678 1911 785 1970 Christi
799 1928 856 1969 non
869 1928 929 1969 esse
944 1927 1039 1983 peccc-

238 2008 299 2066 tnm
312 2008 416 2067 hebere
436 2011 552 2078 loculos,
567 2012 615 2083 qni
628 2011 719 2069 altius
736 2009 808 2069 nihil
829 2010 968 2069 voverunt
980 2009 1037 2084 (3).

318 2106 371 2176 oui
385 2125 452 2183 ergo
467 2126 518 2182 pro
536 2108 650 2168 Christo
664 2109 762 2168 carent
776 2108 875 2167 loculis
888 2107 1038 2166 ambolant

237 2206 266 2263 in
280 2206 327 2261 via
340 2205 506 2265 districtiori
516 2224 549 2266 ac
562 2208 711 2267 difficiliori
723 2207 752 2264 et
764 2224 782 2265 a
794 2206 889 2264 mnndi
905 2207 1037 2278 periculis

237 2304 395 2373 remotiori3
416 2305 489 2362 unde
509 2306 585 2363 inter
599 2305 705 2363 Christi
719 2304 870 2376 discipulos
890 2304 938 2361 illc
959 2304 1037 2361 solus

183 2414 191 2423 ”
238 2400 333 2473 periit,
364 2404 412 2475 qni
439 2403 544 2475 legitor
571 2404 678 2462 loculos
709 2402 850 2460 habuisse.
882 2401 935 2470 oui
971 2412 1036 2460 vero

238 2497 345 2557 habent
364 2500 470 2559 loculos
490 2518 565 2559 mere
587 2518 638 2573 pro
658 2502 732 2569 eliis,
746 2502 779 2570 si,
801 2500 988 2573 quantumin
1007 2516 1035 2557 se

238 2595 413 2668 ostentent
440 2614 534 2656 carere
557 2598 658 2657 loculis
686 2599 715 2657 et
742 2598 879 2671 compulsi
905 2598 1036 2656 ecclesiae

238 2704 398 2713 ...αα-...-

302 2746 325 2805 1)
343 2746 437 2806 Eaepoe.
455 2761 511 2807 sup.
529 2749 610 2806 requi.
628 2748 658 2795 F.
677 2748 721 2806 M„
739 2762 760 2795 c.
777 2747 802 2794 4.
820 2762 845 2795 n.
865 2747 902 2794 10.

300 2826 325 2886 2)
343 2828 400 2885 Peg.
420 2827 473 2885 144,
492 2829 543 2875 not.
560 2830 584 2874 5.

301 2907 325 2967 a)
342 2908 436 2966 Expoe.
453 2921 510 2967 sup.
527 2910 609 2968 rcyul.
627 2909 658 2956 F.
676 2909 722 2967 M„
739 2923 760 2957 c.
776 2909 791 2957 4
807 2922 833 2956 n.
850 2909 874 2967 6,
894 2907 932 2967 11,
952 2907 990 2956 12.
