2284 3484
246 361 250 370 .
503 365 517 368 ..
524 363 542 368 ..

241 377 535 434 ''essmmffnmossffi
540 392 571 419 m?
575 392 586 417 G
590 390 709 418 Dauum:
714 391 799 417 «erexere
804 391 889 417 >uum
893 390 905 417 ξ,
909 403 924 416 v
928 391 1015 417 exessu:

292 434 297 444 Δ
384 437 403 444 u
408 437 412 444 ι
439 437 444 444 n
486 439 492 443 -
500 439 516 444 .-

531 913 650 1012 dent
676 915 751 1013 Q·
805 1006 808 1009 ,

243 1123 380 1202 Quomodo
391 1125 482 1187 enims
493 1134 557 1187 onte
568 1133 678 1205 mptum
689 1125 868 1186 diversimode
877 1126 1042 1186 inebrietur.

323 1331 394 1404 Quia
415 1331 550 1391 hebernus
571 1334 600 1390 in
627 1332 756 1405 pluribus
776 1333 844 1390 locis
871 1333 1044 1405 supradicto

246 1447 306 1490 turn
329 1429 527 1506 capitulorum,
549 1431 688 1490 hominem
710 1431 806 1488 divina
826 1430 975 1488 influentia
989 1433 1044 1488 ine-

244 1529 330 1588 briari
353 1545 443 1603 posse.
466 1530 498 1588 ut
519 1547 598 1588 mens
611 1529 662 1586 tna
676 1530 800 1600 amplius
821 1523 955 1596 elevetur,
970 1529 1044 1597 volo,
1131 1551 1133 1603 ξ

243 1625 276 1686 ut
296 1626 409 1686 illorum
435 1627 604 1686 ebrietatum
626 1626 813 1684 differentiam
840 1642 896 1684 non
920 1627 1043 1698 ignores,

243 1723 327 1782 Potes
356 1741 422 1798 ergo
448 1725 616 1798 intelligere,
637 1725 711 1797 quod
732 1726 776 1782 vir
796 1723 1044 1795 contemplativus,

243 1824 373 1896 ‹rorrmvis
404 1824 511 1882 multas
541 1823 613 1880 alias
644 1823 849 1881 consolationes
880 1823 1045 1894 spirituales

243 1918 355 1990 hebent,
378 1919 472 1980 tomen
494 1922 646 1993 antequam
667 1921 703 1978 ad
724 1937 851 1993 soporem
873 1920 902 1978 et
929 1920 1046 1992 raptum

244 2019 399 2092 poroonist,
421 2019 455 2078 ed
477 2035 546 2092 quos
569 2020 650 2091 penei
672 2020 848 2092 pertingunt,
869 2018 947 2076 vaiet
960 2019 1047 2076 ebrie·

243 2115 330 2175 tatem
353 2117 491 2189 dupiioem
514 2119 644 2190 experiri.
665 2150 705 2159 —-
725 2117 822 2174 Prima
843 2117 887 2174 est
907 2118 1046 2189 quaedam

242 2213 419 2272 abnndantia
450 2215 634 2274 iucunditatis
665 2217 693 2274 in
726 2216 808 2273 corde
835 2215 865 2274 et
895 2215 1046 2274 vehemens

243 2310 371 2372 iubilatio
393 2313 504 2382 mentis,
527 2330 597 2385 quae
626 2313 692 2386 post
719 2314 841 2370 multum
871 2313 967 2371 fletum
994 2314 1047 2370 aut

243 2410 363 2470 multam
385 2413 604 2483 compassionem
627 2413 767 2484 passionis
795 2412 902 2470 Christi
923 2413 975 2470 aut
997 2429 1047 2485 per

245 2525 377 2581 magnum
407 2509 543 2568 fervorem
577 2511 732 2583 singularis
760 2512 864 2569 ameris
894 2511 924 2567 in
956 2511 1046 2568 Deum

243 2606 322 2663 venit
352 2623 384 2665 ex
415 2607 534 2680 quadam
567 2614 641 2666 nova
673 2609 856 2667 irradiatione
886 2609 982 2666 divina
1017 2611 1047 2666 in

244 2704 375 2762 mentem.
407 2703 446 2762 nt
483 2706 533 2764 illa
563 2707 674 2764 laetitia
708 2707 820 2764 tantum
857 2707 986 2764 abundat
1017 2710 1046 2765 in

243 2802 333 2870 eorde,
354 2801 387 2859 ut
407 2803 492 2860 etiam
514 2806 542 2861 in
565 2807 690 2863 membra
713 2807 838 2877 eorporis
859 2806 998 2864 redundet
1019 2808 1049 2864 et

243 2915 275 2957 ea
297 2899 383 2957 faciet
404 2899 515 2958 divinae
529 2902 693 2960 elementiae
713 2903 847 2972 arridere,
868 2903 897 2960 et
915 2920 986 2977 prae
1001 2922 1049 2962 ex-
