2284 3484
414 303 503 346 oneun
525 303 587 346 mn.
865 287 903 344 39

99 510 188 552 more.
210 494 263 551 Sed
284 496 392 566 quanta
413 495 488 552 adsit
516 495 585 552 tuno
613 495 665 551 tibi
686 495 850 562 consolatio,
880 497 904 552 si
1024 521 1027 526 ·

100 594 217 664 sapiens
237 591 334 661 fueris,
357 594 463 666 poteris
484 595 614 666 experiri.
636 590 783 661 sedandi,
809 610 903 650 arnan-

100 691 214 747 tissima
234 690 356 758 Domini,
385 707 447 749 cum
474 693 502 749 te
530 708 656 748 securam
686 690 847 760 reddideris
875 709 904 749 se

100 790 205 846 iterum
237 789 415 860 absentabit;
437 789 465 848 et
486 789 554 846 tuno
575 791 674 848 maiori
693 789 793 847 ardore
820 806 903 862 quam

101 889 183 960 prius
202 889 295 959 ipsum
310 889 475 961 requisitum
498 887 623 946 habebis,
639 887 709 957 onio
724 888 813 945 dicam
832 887 906 945 tibi?

100 986 135 1043 Se
155 986 241 1044 toties
263 986 433 1054 absentabit,
461 986 547 1046 donec
575 990 614 1044 sis
642 988 681 1043 sio
708 986 830 1044 sollicita
857 1003 905 1043 cn-

101 1083 209 1142 stodire
229 1085 331 1156 ipsum,
360 1085 393 1142 ut
420 1084 448 1142 te
476 1101 603 1142 securam
631 1101 687 1142 non
713 1084 817 1141 audeas
846 1083 906 1140 red·

100 1183 167 1240 dere
188 1181 217 1240 et
245 1184 338 1240 omnia
367 1183 470 1240 habeas
497 1184 553 1240 iam
575 1183 716 1255 suspecta.
738 1182 799 1250 Sed,
828 1181 905 1239 ofe-

100 1281 266 1348 inanima,
294 1281 369 1349 audi,
394 1281 461 1353 quid
489 1280 540 1340 tibi
568 1281 652 1338 faciet
676 1280 795 1338 dilectus
821 1280 904 1337 tuus!

102 1378 172 1436 Cum
196 1395 287 1436 secum
309 1379 426 1451 incipies
446 1380 578 1451 quietari,
599 1380 664 1436 vino
685 1378 846 1436 dulcissimo
866 1379 907 1434 in·

102 1477 189 1548 cipieb
210 1477 238 1534 te
260 1477 367 1549 potare.
388 1477 427 1534 Et
442 1478 473 1535 tu
494 1479 554 1534 eius
567 1477 712 1535 dulcedine
732 1475 835 1534 allecta
849 1493 906 1533 am·

102 1574 179 1647 plius
200 1576 316 1646 incipies
347 1574 487 1642 affectare,
514 1575 543 1631 et
568 1575 628 1646 ipse
649 1576 829 1648 largissimus
849 1591 906 1631 am·

103 1673 179 1744 plius
200 1673 252 1730 tibi
272 1673 365 1741 dabii3
390 1673 512 1745 amplius
536 1671 702 1744 postulabis
729 1672 838 1744 etipse
859 1672 907 1730 be-

101 1772 289 1844 nignissimus
306 1771 429 1843 amplius
444 1771 628 1828 ministrabit.
643 1770 713 1839 onio
729 1771 817 1828 dicam
834 1770 907 1827 tibi?

101 1868 208 1928 Satian'
228 1885 284 1927 non
299 1869 414 1941 potoris,
430 1869 516 1927 donec
530 1869 671 1926 inebriata
686 1868 772 1926 fueris
793 1868 822 1925 et
840 1870 906 1926 vino

100 1967 226 2039 undique
246 1968 302 2024 ianr
325 1967 448 2040 perlusa.
463 1967 566 2024 Utrum
587 1966 681 2024 antem
698 1966 763 2039 post
777 1967 907 2038 frequen-

101 2064 161 2122 tom
182 2064 212 2122 et
224 2066 340 2122 nimiam
354 2065 567 2130 inebriationem
583 2081 711 2136 soporem
725 2065 776 2121 aut
791 2065 906 2136 raptum

101 2164 241 2235 sequaris
263 2163 287 2220 si
308 2162 359 2220 tibi
382 2165 550 2220 concesserit
571 2163 717 2231 Dominus,
736 2163 842 2235 poteris
863 2180 906 2220 ex·

102 2261 201 2333 periri.
222 2261 414 2334 Longissimns
434 2261 478 2318 est
499 2261 571 2318 enim
600 2262 629 2318 et
657 2263 721 2333 plus
748 2262 807 2318 sine
835 2278 906 2318 com·

101 2358 259 2430 paratione,
281 2375 363 2430 quam
386 2359 459 2416 erodi
481 2359 585 2426 valeat,
606 2359 753 2431 elargitur.

183 2455 244 2514 Hoc
258 2457 352 2514 tamen
368 2473 478 2528 semper
492 2457 595 2514 habore
609 2457 693 2514 debes
707 2459 736 2514 in
751 2457 832 2515 cordo
846 2458 905 2524 tuo,

101 2555 177 2628 qnod
198 2554 230 2612 tu
252 2556 291 2614 sis
306 2557 469 2624 vilissimus,
485 2555 513 2614 et
527 2556 601 2628 quod
616 2556 695 2613 nullo
709 2555 790 2613 modo
804 2556 839 2612 ad
854 2555 907 2613 hoc

100 2653 190 2726 aptus
211 2655 260 2722 sis,
281 2655 365 2712 immo
387 2657 590 2727 permaximum
605 2655 687 2712 debet
701 2654 752 2711 libi
767 2654 865 2722 videri,
881 2656 904 2712 si

100 2754 163 2825 ipse
184 2752 259 2810 delet
279 2754 394 2826 peccata
416 2754 465 2811 tna
486 2754 571 2811 etiam
591 2771 653 2811 cum
679 2753 906 2826 quantacumque

101 2869 258 2924 poenarum
281 2852 476 2911 inflictionem
492 2852 543 2911 lroe
557 2853 672 2924 mundo,
686 2854 733 2924 qui
750 2852 794 2909 est
811 2853 906 2909 lauda·

100 2949 168 3007 bilis
189 2949 219 3006 ot
238 2949 379 3022 gloriosus
393 2951 422 3007 in
444 2950 555 3008 saecula
571 2950 756 3008 saeculorum.
771 2949 905 3008 Alleluia.
