2284 3484
238 236 380 279 osuuroou
400 236 537 279 PAUPERIS
557 235 611 277 rso
631 235 760 277 umueuo.
845 216 901 274 167

184 428 263 497 Quod
278 428 373 485 auteur
386 428 420 485 de
435 426 553 485 Actibus
568 426 693 485 obiecisti
708 425 832 484 solutum
850 425 904 483 est.

102 526 301 584 Intorlinearis
334 526 429 583 autem
465 525 562 597 glossa
595 524 802 597 praeallegata,
833 540 905 596 quae

108 624 245 682 «nullius
266 622 310 681 est
330 624 510 682 auctoritatis
525 621 569 697 (1)
585 646 614 691 »,
635 624 659 679 si
685 621 832 680 veritatem
853 622 906 679 ha·

103 721 161 791 bet,
183 722 295 794 oportet
324 722 360 779 od
381 722 498 779 textum.
511 723 571 779 eius
602 721 774 794 restringere
795 720 906 777 intelle·

104 820 191 889 etum,
212 821 239 877 in
262 836 316 893 quo
338 836 428 878 sermo
449 819 493 877 est
513 836 569 878 non
589 819 622 876 de
644 820 719 877 omni
739 819 907 876 calceamen·
1010 883 1014 887 Α

35 928 38 935 ’
104 918 200 977 torum
219 935 330 991 genero,
352 918 400 977 sed
421 918 533 977 tantum
555 918 588 975 de
613 918 722 991 caligis
743 933 814 989 quae
838 915 907 973 sunt

106 1017 244 1085 sandalia,
266 1017 299 1073 ut
319 1016 424 1075 dietum
446 1017 498 1075 ost.

186 1114 225 1171 ut
245 1131 308 1173 oum
328 1086 547 1173 dieitt'iubente
578 1106 679 1187 angelo
700 1113 763 1181 eto,
785 1111 906 1184 oportet,

106 1212 181 1285 quod
201 1213 287 1271 iussio
308 1212 344 1269 ad
376 1212 539 1285 mysterium
573 1212 722 1280 referetur,
743 1210 814 1268 illud
835 1210 907 1267 soili-

107 1310 161 1380 oet,
189 1311 223 1369 de
251 1327 305 1384 quo
333 1312 369 1368 ad
396 1310 533 1383 Ephesios
555 1311 634 1385 o(2)
656 1296 724 1368 dicu
745 1308 907 1381 apostolus:

111 1405 242 1467 Ooteeott
266 1410 357 1481 pedes
384 1409 416 1466 io
444 1410 673 1481 praeparatione
693 1407 844 1480 eoooyelo't.
863 1406 909 1463 Ibi
1004 1465 1006 1470 ,

107 1508 183 1565 enim
204 1508 296 1565 virtus
318 1508 500 1579 praecipitur,
522 1508 642 1580 quaein
663 1506 799 1564 sandaliis
824 1506 910 1578 sigui·

108 1604 222 1674 ficetur,
244 1606 394 1665 seeundum
416 1607 541 1679 glossam
553 1606 608 1680 (3).

190 1704 361 1778 Diligentius
387 1706 439 1763 tibi
460 1705 568 1764 obieeta
588 1706 622 1762 (ie
643 1703 840 1763 calceamentis
867 1719 911 1759 er·

108 1804 200 1875 posui,
229 1805 295 1875 quia
319 1806 367 1877 qui
391 1805 418 1861 in
448 1804 533 1862 verbo
553 1804 715 1877 evangelieo
735 1817 909 1875 quocumque

108 1900 197 1959 habet
216 1918 278 1959 oum
304 1901 460 1973 pertinacia
481 1918 629 1961 erroneum
649 1901 825 1959 intellectum
847 1898 911 1955 hae-

109 1999 215 2057 reticus
235 2000 279 2057 est
297 1999 462 2058 censendus.
484 2000 543 2057 Neo
565 2000 593 2057 te
613 1999 734 2067 moveat,
755 1998 829 2071 quod
850 1997 912 2068 qui-

110 2098 174 2155 dam
197 2098 303 2169 dieunt,
325 2116 354 2156 se
375 2100 404 2157 in
425 2098 497 2157 libro
521 2100 562 2157 83
586 2098 793 2173 Quaestionum
815 2096 911 2168 Augu·
939 2090 950 2107 ⁸

110 2197 180 2254 stini
201 2199 338 2269 reperisse
359 2198 522 2269 quaestione
544 2196 592 2265 84,
612 2197 757 2254 Christum
778 2194 911 2252 habuisse

110 2295 314 2365 calceamenta;
335 2311 401 2365 nou,
421 2298 546 2368 inquam,
561 2296 590 2353 te
611 2294 731 2363 moveat,
752 2310 814 2351 oum
829 2294 911 2361 seias,

111 2393 231 2451 eundem
258 2393 330 2452 libro
358 2393 375 2452 Ι
402 2394 667 2465 Retroototo'ooom,
695 2393 786 2464 eapite
816 2390 912 2465 penui·

111 2492 191 2561 timo,
212 2474 339 2564 posuisse
367 2493 482 2550 uomina
510 2491 538 2549 ot
563 2507 711 2549 numerum
736 2490 851 2548 illarum
873 2488 910 2545 83

178 2741 201 2796 1)
219 2741 319 2801 Bonum,
336 2741 354 2787 l.
372 2754 394 2787 o.
412 2754 436 2788 n.
456 2741 484 2787 17
501 2742 526 2788 et
542 2742 617 2800 Apol.
631 2755 724 2800 paup„
740 2754 761 2786 e.
782 2740 852 2787 lon.
870 2740 893 2787 7.

176 2821 202 2879 2)
220 2820 248 2867 V.
269 2820 305 2867 15.

177 2900 202 2960 3)
220 2900 286 2947 Petri
303 2900 382 2948 Lomb.
401 2900 426 2947 in
442 2900 504 2947 hune
520 2902 605 2947 locum.
