2284 3484
238 260 384 311 srnrreun,
400 262 536 305 rrurnars
557 262 610 304 rae
630 262 761 305 annone.
843 245 898 304 171

104 364 157 379 ...-

105 470 264 525 persenam.
285 454 323 511 Et
344 454 413 522 dice,
434 454 601 527 quodnam
623 456 689 527 quia
702 454 747 512 lex
768 454 835 512 dicit
846 453 902 528 (1),

104 553 177 625 qued
206 552 349 611 «traditio
370 552 440 609 nihil
455 553 579 625 amplius
593 552 749 610 transferre
762 553 844 610 debet
859 551 902 610 rel

105 650 200 723 petest
219 652 254 708 ad
275 667 346 718 eum,
367 652 416 723 qui
436 651 547 723 accipit,
569 668 653 723 quam
674 650 718 708 est
742 650 818 722 apud
839 668 901 708 eum

105 750 153 822 qui
174 748 335 807 tradidit».
357 748 425 807 Onnr
446 750 535 821 igitur
555 750 664 820 primus
678 749 782 807 demini
804 765 903 817 servus

105 846 216 905 teneret
237 863 297 904 earn
318 846 487 905 anctoritate
519 847 634 914 demini,
656 846 734 905 tenet
765 846 903 904 secundus

106 944 135 1002 et
156 944 242 1002 etiam
272 944 451 1008 centesImus,
483 946 507 1001 si
538 944 583 1003 tet
604 945 733 1004 manibus
753 944 903 1012 inferatur,

105 1044 172 1115 quia
193 1060 303 1115 semper
324 1044 368 1100 est
389 1043 469 1101 salva
490 1043 612 1101 fratrum
633 1043 753 1101 intentio
774 1045 803 1101 in
824 1044 904 1102 nulle

105 1142 227 1200 duminio
259 1142 391 1213 pecuniae
421 1141 607 1214 acquirend03
630 1142 711 1199 salva
744 1142 789 1199 est
819 1143 902 1199 etiarn

106 1240 277 1298 destinantis
299 1242 445 1312 pecuniam
467 1239 596 1306 intentio,
622 1241 670 1312 qui
701 1240 825 1298 intendit
855 1257 905 1313 per

105 1356 217 1403 emnem
238 1338 350 1397 medam
372 1338 522 1397 honestum
543 1339 573 1395 et
592 1337 731 1397 fratribus
751 1338 906 1410 acceptabi-

106 1438 161 1495 lern
182 1436 211 1493 et
232 1437 392 1508 possibilem
408 1452 503 1495 eornm
518 1435 735 1493 necessitatibus
749 1437 906 1508 previdere.

106 1536 142 1595 In
174 1534 219 1593 his
250 1535 346 1593 tamen
377 1551 486 1607 semper
517 1550 629 1592 necesse
660 1535 713 1603 est,
734 1535 768 1592 ut
794 1551 904 1607 semper

106 1633 183 1691 maia
206 1634 311 1704 speeies
332 1632 480 1691 devitetur.

189 1730 267 1800 Qn'od
298 1732 322 1788 si
358 1731 477 1800 dixeris,
513 1731 587 1804 qnod
617 1731 689 1789 dans
724 1731 848 1789 intendit
877 1748 907 1788 se

107 1831 222 1902 privare
243 1830 375 1900 pecuniae
395 1829 553 1887 destinatae
575 1829 705 1897 dominio,
720 1829 820 1898 fateor,
834 1828 907 1901 quod

109 1926 244 2001 intendit,
266 1926 314 1985 sed
334 1926 383 1985 ille
411 1927 500 1995 mede,
522 1944 577 1999 que
598 1927 692 1999 petest
712 1918 905 1999 prefratrnm

107 2024 326 2085 nenessitatibus
340 2016 523 2094 commutari;
535 2042 586 2083 nee
596 2027 670 2083 enirn
689 2025 837 2083 «intendit
850 2041 905 2094 ees,

107 2140 179 2197 ques
200 2123 264 2181 vult
284 2123 387 2181 habere
408 2123 444 2180 ad
462 2123 550 2180 Deum
570 2124 780 2197 intercessores,
801 2124 907 2181 eonsti-

108 2223 189 2281 tuere
199 2222 271 2281 deno
283 2238 333 2281 sno
345 2222 585 2294 praevaricatores
597 2221 641 2296 (2)
653 2245 681 2279 ».
694 2221 787 2279 Donec
801 2238 869 2295 erge
880 2222 909 2278 in

108 2320 233 2379 fratrum
253 2320 436 2379 necessitates
456 2319 600 2378 translata
620 2319 659 2376 sit
673 2320 799 2393 pecunia,
814 2319 911 2377 manet

108 2419 138 2477 In
171 2419 253 2477 bunis
283 2419 387 2478 demini
418 2434 480 2475 eam
507 2417 687 2475 deatInantIs.
714 2418 809 2477 SirniIe
843 2418 911 2476 dicit

108 2518 155 2577 lex
170 2517 232 2593 (3):
260 2518 376 2587 «Ques,
397 2517 499 2589 inquit,
515 2517 538 2575 si
553 2517 589 2575 ab
606 2516 773 2585 initiarum
794 2517 911 2590 depene-

113 2671 274 2683 ..-.--.-.-

176 2768 199 2827 1)
218 2768 245 2813 L.
263 2766 316 2813 XLI
332 2766 424 2824 Digest.
442 2764 484 2812 tit.
504 2766 515 2812 l
534 2766 573 2813 lex
588 2765 628 2812 20.

174 2848 200 2906 2)
217 2849 318 2905 Bonan,
335 2848 353 2893 I.
371 2860 392 2893 c.
410 2860 435 2893 n.
452 2846 509 2902 21.¹

175 2928 200 2987 3)
218 2928 245 2975 L.
264 2927 309 2975 XII
326 2926 417 2985 Digest.
434 2926 476 2974 tit.
496 2926 507 2973 1
525 2928 564 2975 Iex
583 2925 620 2974 10.
