2284 3484
206 229 246 293 92
467 249 609 296 munaus
630 247 745 296 amoma.

739 347 1010 365 tw

206 444 235 501 in
256 445 364 512 multis,
388 447 474 504 immo
493 444 567 504 forto
588 447 618 503 in
642 445 781 505 omuibus.
802 443 841 502 Et
867 461 930 502 oum
954 443 1011 502 boe

205 539 327 616 ignores,
348 546 471 603 minores
489 546 519 601 te
539 561 595 603 non
617 545 721 604 indices
744 545 824 612 alios,
847 543 895 600 sed
920 543 1010 600 lauda

206 642 306 710 Deum,
333 645 381 716 qui
408 644 437 700 te
455 643 658 716 dignatusest
678 645 717 702 eis
744 645 858 710 sociare,
886 657 1009 714 quorum

206 739 328 798 tortasse
348 742 458 799 meritis
485 741 674 814 spiritualiter
694 743 767 799 uiris
788 741 826 808 et,
847 741 870 798 si
891 757 946 798 non
968 741 1010 797 vi·

207 840 259 906 ris,
280 856 332 911 per
351 856 399 898 eos
418 840 540 898 forsitan
560 841 649 898 vivas.
670 841 747 898 Haeo
771 839 867 897 antem
892 839 948 896 disi
969 838 1010 895 ad

206 938 414 1010 reprimendam
434 938 600 996 diabolimm
622 937 817 997 tentationem.

286 1035 334 1104 Et,
348 1038 479 1109 quamuis
498 1038 539 1095 sio
559 1037 599 1094 sit
612 1036 764 1109 aliquando
784 1036 837 1094 aut
856 1037 895 1094 sio
916 1035 1010 1107 possit

206 1150 277 1202 esse,
288 1134 318 1190 et
331 1136 372 1192 sio
382 1135 416 1192 de
430 1137 557 1207 proximo
570 1134 610 1192 sit
623 1134 800 1203 credendum,
812 1134 886 1192 sieut
899 1134 1008 1191 tastum

206 1233 260 1299 est,
275 1233 370 1290 tamen
384 1233 552 1304 simpliciter
565 1233 633 1290 mibi
648 1233 741 1305 placet
755 1234 855 1306 magis,
870 1233 900 1289 et
915 1231 1008 1298 oredo,

206 1330 280 1403 qnod
301 1330 366 1402 plus
387 1331 499 1402 placeat
519 1331 577 1390 Deo
600 1331 658 1389 vita
679 1331 899 1403 contemplativa
922 1345 1009 1403 qnam

206 1429 300 1486 sotira
319 1429 349 1486 et
371 1429 431 1486 vita
451 1429 581 1488 solitaria
600 1445 685 1502 quam
700 1428 860 1497 domestica,
875 1427 903 1485 ot
916 1428 1011 1499 magis

207 1525 276 1582 mibi
296 1527 391 1598 placet
415 1526 550 1585 honestas
570 1543 655 1600 quam
680 1526 828 1586 dissolutio
836 1543 849 1596 ς·
876 1526 904 1584 et
930 1525 1009 1592 haec,

207 1624 297 1692 oredo,
319 1626 411 1698 magis
431 1625 560 1699 eligenda
581 1641 665 1698 quam
685 1626 746 1693 illa,
767 1626 843 1698 quia,
870 1624 924 1681 etsi
950 1623 1011 1680 ista

207 1723 331 1780 ordinari
346 1723 457 1796 possint
470 1726 500 1781 in
510 1724 600 1781 Deum
615 1725 645 1782 et
658 1740 676 1780 a
690 1723 865 1796 sapientibus
879 1721 1012 1781 ordinen-

208 1821 266 1888 tur,
288 1821 383 1880 tamen
405 1839 516 1894 somper
536 1823 609 1894 qnod
625 1823 811 1894 propinquius
824 1822 870 1879 est
888 1820 938 1877 fini
952 1837 1012 1877 ms·

208 1921 254 1992 gis
275 1919 321 1978 est
340 1920 508 1993 eligendum,
530 1920 560 1977 et
580 1921 672 1993 magis
692 1922 752 1992 ipso
780 1919 845 1977 linis
865 1933 949 1992 quam
968 1917 1010 1986 id,
1102 1938 1107 1946 ·

209 2017 283 2089 quod
303 2017 348 2075 est
367 2018 403 2074 ad
431 2018 525 2076 linem.
552 2018 600 2087 Et,
619 2019 643 2075 si
669 2018 710 2075 ita
737 2035 767 2075 se
791 2017 916 2075 habeant
941 2015 1010 2083 iste,

207 2131 264 2173 non
285 2115 329 2173 est
349 2116 474 2184 dubium,
495 2116 569 2189 quod
592 2133 726 2188 personae
753 2117 795 2173 ita
815 2131 844 2172 se
872 2113 1011 2172 babentes

208 2229 237 2270 se
258 2212 382 2270 habeant
400 2215 433 2270 ut
452 2215 613 2272 excedentia
634 2216 663 2272 et
682 2231 804 2272 excessa.
825 2213 899 2271 Nam
921 2213 1011 2284 aliqui

208 2311 295 2368 sotini
326 2313 440 2370 maioris
475 2312 544 2370 sunt
577 2314 707 2370 caritatis
741 2313 771 2370 et
801 2311 893 2370 meriti
924 2327 1010 2384 quam

112 2488 113 2497 ἵ
208 2410 297 2482 aliqui
317 2410 540 2483 contemplativi,
561 2411 592 2470 et
612 2429 626 2470 e
647 2427 796 2481 eonverso;
813 2411 842 2468 et
855 2410 943 2484 aliqui
963 2408 1011 2468 do·

208 2508 316 2566 mostioi
337 2525 422 2581 quam
445 2509 574 2577 solitarii,
600 2510 629 2568 et
652 2527 667 2566 e
691 2525 841 2578 eonvers03
869 2507 898 2566 et
921 2507 1011 2580 aliqui

207 2606 338 2665 dissoluti
359 2623 442 2678 quam
467 2606 588 2675 honesti,
613 2607 642 2664 et
665 2625 680 2665 e
700 2623 843 2666 converso.

288 2704 427 2776 Quidquid
441 2705 537 2762 temen
551 2721 604 2764 nos
617 2705 780 2774 babeamus,
792 2705 939 2764 dummodo
951 2703 1010 2762 Deo

208 2803 378 2876 placeamus,
390 2821 524 2877 magnum
535 2804 599 2872 erit,
611 2805 677 2877 quia
691 2806 720 2862 iu
734 2805 816 2862 tante
827 2803 1011 2863 multitudine

207 2902 352 2961 hominum
367 2905 448 2974 pauci
470 2904 538 2961 sunt
552 2904 610 2963 Deo
626 2904 712 2978 grati.
727 2905 813 2963 Cuius
829 2906 869 2963 rei
882 2921 967 2963 causa
980 2902 1011 2960 et
