2284 3484
521 263 806 305 CANTIGUM
846 263 1120 305 PAUPERIS
1164 263 1271 305 PRO
1312 263 1567 306 DILEC'I'O.
1736 245 1850 305 197

1748 366 1855 375 —

414 455 540 512 Iam
570 454 748 527 patet,
779 456 914 527 quid
955 456 1022 513 de
1062 456 1331 528 obligatis
1361 455 1531 513 etiam
1561 455 1649 513 est
1676 454 1856 513 dicen-

251 553 418 622 dum3
463 554 726 625 quoniam
761 567 893 610 ‘cum
925 553 1056 611 vota
1092 553 1151 610 et
1192 553 1511 611 iuramenta
1541 552 1659 610 sint
1681 543 1853 609 invio·

249 650 501 709 labiliter
530 650 898 719 observanda,
929 653 1040 708 nisi
1076 651 1291 723 aliquid
1336 651 1721 724 dispensative
1751 650 1857 707 fiat

252 749 420 821 digne
463 766 898 821 recompensans
928 747 1036 824 (1),
1082 750 1317 821 peccant
1365 749 1685 808 mortaliter
1724 748 1857 807 huic

252 847 435 905 ordini
471 847 729 920 obligati,
758 864 883 905 cum
926 849 984 905 in
1027 847 1137 906 alio
1182 847 1526 920 profitentur
1566 864 1691 905 cum
1733 863 1857 919 pro-

252 944 437 1017 posito
464 946 525 1002 in
550 962 614 1003 eo
644 945 893 1003 finaliter
924 946 1265 1013 remanendi,
1298 962 1419 1004 cum
1453 946 1510 1003 in
1528 946 1698 1003 nullo
1724 946 1853 1013 ali0‚

251 1043 318 1101 ut
346 1060 522 1115 supra
551 1044 712 1115 patet
741 1043 850 1117 (2),
894 1044 1219 1117 evangelica
1250 1043 1515 1116 perfectio
1546 1044 1623 1101 sit
1650 1058 1857 1116 aequa-

248 1142 341 1199 lis.
373 1141 617 1199 Peccant
645 1141 812 1199 etiam
845 1159 938 1200 eos
966 1142 1487 1212 circumvenienteS,
1519 1141 1666 1200 sicut
1685 1157 1857 1215 prae-

247 1242 499 1313 ynantcs
533 1237 776 1297 Galaad
815 1240 1162 1298 dissecantes
1186 1240 1297 1314 (3),
1328 1241 1385 1297 et
1427 1241 1499 1298 ad
1539 1240 1857 1299 restitutio·
1891 1244 1895 1248 ’

250 1355 379 1395 nem
410 1338 757 1411 obligantur,
790 1339 856 1395 ut
881 1339 1135 1408 aestimo,
1160 1354 1349 1397 coram
1372 1338 1520 1409 Deo;
1551 1339 1609 1396 et
1636 1337 1855 1398 frustra

252 1435 541 1493 mandatis
579 1437 907 1508 apostolicis
949 1436 1271 1509 impetratis
1294 1437 1511 1495 'mediis
1553 1437 1856 1495 mendaciis

253 1551 313 1592 se
355 1534 591 1592 tuentur
622 1534 732 1609 (4).

300 1655 311 1690 1

412 1730 580 1788 Vitae
648 1731 876 1789 tandem
946 1731 1185 1790 formam
1256 1731 1361 1789 tibi
1429 1730 1677 1790 breviter
1740 1747 1860 1803 per-

252 1829 496 1902 stringo,
551 1846 720 1914 quam
775 1829 960 1898 debes
1019 1832 1064 1887 si
1121 1831 1264 1887 velis
1305 1830 1468 1888 illum
1518 1830 1735 1887 intrare
1776 1844 1861 1887 or·

251 1928 457 1995 dinem,
489 1926 804 1985 observare.
837 1927 907 1985 In
939 1928 1136 2000 primis
1166 1928 1379 1997 teneam,
1408 1928 1466 1984 te
1496 1926 1711 1985 virtute
1739 1943 1861 1984 esse

251 2026 452 2084 debere
493 2028 937 2098 magnanimum,
980 2026 1047 2083 ut
1087 2042 1201 2084 non
1244 2026 1349 2083 tibi
1392 2026 1637 2085 sufficiat
1677 2024 1863 2083 virtu-

250 2123 340 2181 tes
383 2140 609 2181 servare
652 2124 955 2182 secundum
998 2121 1399 2197 quemcumque
1450 2124 1709 2197 gradum,
1764 2122 1860 2180 sed

252 2221 462 2280 nitaris
502 2221 573 2278 ad
614 2221 894 2279 virtutum
937 2223 1174 2294 apicem,
1218 2221 1284 2279 ut
1333 2223 1423 2279 est
1472 2222 1756 2294 possibile,
1801 2222 1860 2278 in

251 2318 514 2378 omnibus
554 2320 871 2377 convolare.
914 2319 1035 2378 Hoc
1075 2320 1134 2377 in
1178 2319 1565 2392 sexcupartita
1599 2318 1704 2376 tibi
1734 2335 1864 2391 per-

386 2523 431 2583 1)
468 2524 542 2570 Ita
579 2523 619 2570 A
652 2524 702 2569 et
735 2523 797 2577 F·;
835 2524 872 2569 L
903 2524 1007 2569 nisi
1032 2528 1252 2582 propter
1284 2523 1490 2581 dianam
1525 2534 1861 2581 recompensa·

261 2605 444 2650 tionem
475 2605 570 2661 fiat
596 2618 692 2663 per
723 2604 1030 2663 superiorem
1064 2603 1443 2650 rationabiliter
1475 2603 1860 2663 dispensantem,

259 2685 305 2729 si
337 2684 478 2729 adest
511 2684 729 2741 facultas
762 2688 809 2729 et
841 2688 1000 2731 aetas.
1589 2712 1594 2717 ·

381 2764 430 2824 2)
468 2764 583 2821 Pag.
624 2764 730 2821 157,
772 2764 877 2822 183,
918 2764 1023 2811 193.
1469 2764 1516 2822 3)
1553 2763 1656 2809 Am.
1700 2763 1744 2821 1,
1784 2763 1859 2809 13.

383 2845 433 2903 4)
472 2843 570 2891 Cfr.
625 2845 827 2903 Bonav.,
879 2845 1068 2904 Expos.
1120 2858 1235 2904 sup.
1285 2844 1446 2902 regul.
1493 2844 1552 2890 F.
1599 2844 1691 2901 M.,
1742 2857 1785 2890 c.
1835 2843 1864 2888 2

258 2938 309 2974 n.
349 2923 406 2971 13
439 2937 510 2982 sq.

1916 2173 1997 2460 9
