2284 3484
245 213 284 270 12
508 231 651 273 smuts
670 232 785 272 noum.

243 430 367 479 terorum
388 423 585 482 benefitiorum
615 424 871 489 innumerebssium,
892 421 1042 479 meandum

243 519 317 591 quod
339 523 453 592 poterit,
476 525 617 579 reminisci
646 525 677 579 et
703 525 861 594 praecipue,
887 519 961 592 quod
991 536 1043 575 sue

244 635 307 675 eum
329 620 419 676 voluit
450 623 574 693 imagine
603 623 741 693 insignire
770 622 884 691 eiusque
910 619 1042 675 naturam

244 733 388 775 assumere
411 719 440 775 et
468 737 498 776 se
518 737 570 791 pro
597 722 660 791 ipso
687 720 771 776 morti
799 719 919 784 tradere,
940 717 994 773 sibi
1011 717 1042 771 in

243 817 289 872 via
310 818 338 873 in
360 817 451 875 eibum
474 819 503 874 et
523 820 552 874 in
572 819 665 890 glorie
684 821 714 875 in
741 819 896 888 praemium
919 815 1044 872 tribuere

243 916 435 986 semetipsum.
458 916 497 972 Et
516 919 584 988 quia
603 917 728 973 noudum
748 917 794 972 est
812 933 875 972 eum
895 914 1042 971 essecutus

246 1013 274 1069 in
295 1015 429 1084 praemio,
450 1015 565 1072 tandem
586 1017 615 1071 in
637 1017 685 1071 via
703 1015 825 1086 aspiciet
837 1031 901 1071 eum
920 1014 950 1068 in
971 1013 1043 1084 peti-

1120 867 1122 947 i

245 1110 312 1169 bulo
341 1114 435 1185 sieque
465 1113 516 1170 sibi
549 1114 749 1184 compatiatur,
769 1115 827 1170 acsi
857 1113 951 1169 omnia
981 1111 1043 1166 eius
1120 1132 1121 1171 i

244 1209 363 1266 vulnera
384 1213 412 1267 in
428 1227 478 1268 suo
492 1227 608 1282 corpore
622 1211 786 1268 sustineret
800 1211 840 1267 Et
851 1211 886 1267 de
898 1209 951 1266 boe
965 1225 1044 1280 prae·
1120 1228 1122 1283 ;

243 1309 323 1379 cipue
343 1308 425 1366 debet
445 1309 548 1377 dolere,
562 1310 688 1381 quintet
709 1309 786 1366 uidet
805 1309 940 1366 frustrari
959 1307 1044 1363 bene-

243 1404 305 1462 ficio
320 1406 359 1463 sie
373 1407 518 1466 immenso.
533 1407 639 1464 Cernat
658 1410 750 1478 ipsum
764 1408 883 1479 denique
896 1408 925 1463 in
938 1407 1043 1462 altario
1120 1418 1121 1465 ἱ

241 1503 396 1561 exhibitum
418 1505 470 1562 sibi
492 1507 521 1562 in
543 1505 635 1563 cibum
651 1508 679 1561 et
697 1507 795 1576 potum
816 1505 909 1562 omnis
926 1505 1043 1576 saporis

240 1601 416 1660 suavitatem
438 1603 589 1660 habentem
600 1602 661 1677 (1);
684 1605 713 1660 et
734 1605 762 1660 iu
784 1605 846 1676 ipso
866 1604 926 1661 toto
940 1602 1043 1660 affeetu
1120 1618 1121 1669 ζ

241 1717 270 1758 se
291 1700 434 1759 delectans
454 1702 557 1759 elamet
577 1702 606 1759 et
626 1702 717 1760 dieat:

322 1799 441 1858 Domine
462 1801 527 1858 Iesu
549 1801 670 1869 Christe,
692 1802 734 1868 tn,
749 1803 798 1873 qui
811 1818 841 1857 es
850 1801 942 1873 panis
955 1800 1042 1870 vitoe,
1120 1768 1122 1821 ἶ

240 1897 281 1954 ite
302 1915 345 1957 me
366 1899 400 1956 de
420 1900 449 1956 te
471 1901 577 1956 satiare
598 1900 724 1972 dignare,
746 1899 779 1955 ut
799 1898 870 1955 nihil
887 1899 1001 1971 praeter
1014 1897 1043 1953 te

240 1996 378 2066 esuriam3
401 1998 442 2055 ita
463 2014 506 2054 me
528 1998 561 2054 de
582 1998 611 2054 te
630 1998 770 2055 inebriare
784 1997 910 2070 dignare,
924 1996 958 2052 ot
970 1995 1042 2052 nihil
1120 1986 1121 1989 '

241 2095 354 2166 praeter
375 2095 403 2152 te
425 2095 530 2152 sitiam.
545 2095 628 2164 Tene,
650 2097 776 2164 Domine,
797 2095 920 2152 mentem
941 2111 1043 2162 meam,
1120 2092 1121 2103 ¹

240 2209 284 2260 ne,
306 2192 510 2250 interveniente
531 2194 632 2251 umbro
653 2194 794 2262 terrase
823 2194 859 2262 te,
881 2209 948 2250 vero
973 2191 1043 2250 Sole
1120 2202 1121 2225 ¹

240 2289 380 2361 institiae,
403 2290 560 2361 separetur.

320 2387 407 2444 Matri
428 2389 522 2446 autem
544 2391 604 2447 eius
625 2406 744 2462 omnem,
766 2407 850 2463 quem
872 2390 987 2463 poterit,
1003 2408 1045 2448 re·

181 2506 190 2526 ¹
239 2485 395 2543 verentium
417 2486 558 2545 exhibebit
579 2488 608 2544 et
628 2488 715 2546 dicet:

320 2585 486 2643 Dulcissimo
497 2586 702 2659 Iesmdignare
717 2605 759 2644 me
774 2587 902 2644 infimum
916 2589 1043 2646 omnium

240 2682 416 2754 peecatorum
439 2685 524 2741 metri
542 2685 608 2742 tuae
629 2685 817 2743 reverentiam
829 2685 953 2742 debitam
967 2686 1043 2744 exbi-

239 2819 396 2827 ——-.—.....-

304 2896 326 2954 1)
345 2894 478 2954 Respieitur
488 2895 543 2954 Sap.
556 2896 646 2954 16‚20;
659 2897 713 2944 dein
726 2899 782 2945 Mel.
793 2899 841 2957 4‚2
852 2900 878 2944 et
889 2899 954 2944 Ioau.
965 2900 989 2956 6,
999 2899 1041 2945 48.
1120 2918 1122 2945 ι
