2284 3484
423 239 513 281 orror
535 239 580 280 xv.
865 217 902 277 81

103 432 256 490 recundum
274 431 303 488 et
321 417 533 503 opprobriosum
553 430 598 488 est
613 429 684 487 mihi
702 429 795 488 videre
813 429 905 488 Domi-

101 547 171 601 num
193 547 285 588 meum
304 530 482 587 vulneratum
498 508 528 586 et
542 529 579 596 te,
595 545 610 587 0
625 529 737 588 domina
758 545 907 596 111111111-

101 629 282 688 vulneratam
304 629 333 686 et
353 645 396 686 me
414 645 526 686 servum
541 629 709 685 vilissimum
732 627 906 699 pertransire

103 729 245 785 illaesum.
267 727 348 785 Certe
369 729 434 796 scio,
462 727 528 799 qnid
556 727 673 795 feciam3
701 725 754 783 hoc
774 723 826 782 tibi
847 725 906 782 sine

103 825 313 884 intermissione
332 826 362 883 et
385 842 446 883 cum
478 826 600 883 clamore
631 824 660 882 et
685 824 818 897 lacrymis
849 822 907 880 tuis

82 915 222 997 'pedibus
243 924 409 997 provolutus
431 923 582 996 postulabo
600 923 628 980 et
650 923 701 980 tibi
722 937 769 980 ero
789 921 906 979 nimium

71 1062 74 1066 ι
103 1022 301 1095 importunus;
329 1023 380 1080 aut
414 1021 483 1079 mihi
511 1021 564 1080 hoc
591 1021 700 1078 tribues
727 1019 778 1078 aut
809 1020 833 1076 si
864 1035 907 1076 mo

104 1122 288 1193 percusseris,
309 1120 342 1178 ut
362 1121 498 1188 recedam,
520 1121 615 1176 tamen
638 1118 719 1177 stabo
740 1117 769 1175 et
788 1117 839 1174 tua
864 1133 907 1174 su·

105 1218 217 1277 stinebo
238 1218 361 1291 flagella,
389 1218 475 1277 donec
505 1234 552 1276 ero
580 1217 701 1290 undique
730 1214 906 1284 vulneratus,

105 1333 158 1375 nec
177 1316 256 1375 aliud
276 1318 331 1374 nisi
352 1317 470 1374 vulnera
491 1333 508 1374 a
529 1316 557 1374 te
579 1317 653 1388 peto.
674 1315 701 1372 Si
723 1313 818 1372 autem
847 1314 907 1371 sine

105 1416 285 1488 percussione
296 1415 418 1473 blandiri
428 1416 560 1482 volueris,
576 1413 760 1487 perseverabo
773 1411 908 1471 constans
959 1476 961 1480 ,

104 1513 133 1573 et
155 1513 206 1571 tua
226 1515 359 1585 recipiam
380 1513 583 1580 blandimenta,
605 1513 633 1569 et
653 1513 732 1585 ipsae
753 1509 907 1570 blanditiae

105 1628 155 1670 cor
175 1627 267 1669 meum
282 1609 332 1670 tuo
353 1609 545 1669 vulnerabunt
568 1626 672 1668 amore.
694 1609 722 1666 Si
742 1608 838 1666 autem
857 1624 908 1666 nec
998 1598 999 1601 '

104 1708 258 1783 quidquam
289 1709 394 1767 dixeris
424 1710 469 1766 vel
501 1709 608 1776 feceris,
640 1708 708 1766 tunc
737 1723 784 1766 cor
814 1723 906 1765 meum

105 1807 306 1866 vulnerabitur
326 1807 447 1865 tristitia
467 1807 496 1862 et
515 1807 619 1875 dolore,
641 1807 670 1864 et
697 1807 737 1864 sic
765 1807 823 1863 sine
847 1805 908 1864 1111-Ι

104 1923 172 1964 nero
194 1923 250 1964 non
271 1906 407 1964 recedam.
428 1904 529 1962 Amen.
650 1896 655 1911 '

184 2003 263 2062 Haec
290 2003 374 2062 etiam
403 2004 497 2061 omnia
527 2002 661 2075 appetere
682 2001 766 2059 debes
792 1999 907 2059 cuilibet

103 2102 222 2169 bomini,
243 2102 273 2158 et
292 2101 376 2159 debes
402 2116 453 2173 pro
477 2099 603 2173 quolibet
624 2099 743 2159 sollicite
763 2099 907 2170 deprecari

104 2201 142 2270 et,
164 2199 277 2273 quando
297 2200 375 2258 vides
398 2198 510 2272 aliquod
532 2198 636 2256 bonum
658 2198 686 2255 in
708 2198 842 2270 proximo,
858 2197 906 2253 mi·

104 2298 236 2361 rabiliter
249 2297 332 2356 debes
345 2297 477 2370 gaudere,
498 2297 610 2355 etiamsi
630 2313 738 2363 cernas,
757 2294 828 2352 illud
849 2309 906 2352 non

104 2415 165 2456 osse
186 2398 216 2454 in
237 2395 275 2454 te.
297 2395 399 2465 Quodsi
421 2412 477 2454 non
499 2396 607 2464 feceris,
629 2394 677 2452 sed
699 2393 794 2466 potius
814 2393 907 2450 dolue-

105 2498 154 2566 ris,
170 2496 228 2552 tria
249 2496 370 2552 maxima
392 2494 468 2551 mala
489 2495 518 2551 in
539 2492 592 2551 hoc
610 2492 723 2564 peccato
744 2490 906 2550 committis.

104 2594 232 2652 Primum
262 2593 315 2661 est,
340 2592 414 2665 quod
438 2592 573 2651 honorem
604 2591 663 2660 Dei,
690 2592 738 2665 qui
765 2592 794 2648 in
825 2590 906 2648 bonis

105 2694 190 2751 istius
220 2691 352 2760 resultat,
381 2691 457 2750 odire
488 2691 608 2760 viderim
640 2690 800 2772 secundum,
833 2689 906 2762 quod

106 2793 266 2864 passionem
296 2788 412 2858 Christi,
434 2790 482 2863 qui
506 2789 542 2846 ad
571 2788 625 2848 hoc
656 2804 757 2861 passus
787 2787 851 2856 fuit,
873 2786 907 2844 ut

106 2890 299 2962 unusquisque
319 2887 444 2945 abundet
464 2886 628 2956 virtutibus,
655 2885 827 2956 contemnis3
848 2884 906 2943 ter-

829 3001 844 3046 6
