2284 3484
236 174 293 233 182
374 191 517 235 omniumr
537 190 675 233 eruemrs
694 190 748 233 eno
767 190 895 231 umuero.

311 382 365 439 His
385 382 500 450 auditis
515 400 650 456 maguum
668 379 845 455 refrigerium
859 383 970 439 animae
984 380 1034 438 lra-
1131 418 1133 422 ν

231 480 288 549 bui,
310 481 435 553 ipsisque
456 480 595 539 fratribus
614 480 747 553 optabam
763 481 838 539 illico
851 481 967 548 sociari3
983 479 1034 536 sed

235 578 372 651 quaedam
385 579 474 636 menti
488 596 564 637 meae
578 579 672 637 subito
685 580 839 647 irruerunt,
854 595 926 653 quae
939 595 1033 635 meum

233 678 410 749 propositum
432 678 625 735 retardarunt.
643 677 689 735 Ad
702 678 825 736 Senioris
839 678 928 750 igitur
942 693 1034 738 recur-

233 792 298 833 rens
312 777 458 833 eonsilium
480 776 545 845 dixi,
565 776 690 834 studium
704 777 861 848 sapientiae
874 792 919 833 me
932 775 1033 847 optare

232 874 395 946 plurimum,
416 876 495 933 cuius
523 877 552 933 in
581 874 639 932 illis
667 873 805 933 iratribus
832 873 1034 947 impedimenta

232 973 356 1045 plurima
376 973 604 1045 contemplatam
627 975 717 1045 primo
738 971 859 1046 quidem,
880 974 947 1045 quia
967 988 1035 1046 pro-

233 1070 329 1129 lixitas
351 1070 433 1129 officii
453 1071 576 1129 multum
596 1071 651 1129 diei
671 1072 813 1129 naturalis
833 1051 1034 1142 occupans'pa·

233 1184 296 1225 rum
318 1169 453 1240 relinquit
473 1169 609 1241 temporis
628 1169 747 1227 latebris
768 1168 923 1240 sapientiae
936 1168 1035 1239 exqui-

232 1264 343 1334 rendis;
375 1265 504 1332 secundo,
536 1268 603 1338 qnia
633 1266 733 1339 regula
763 1267 826 1337 ipsa
845 1262 889 1339 (1)
920 1264 1034 1321 ridetur
1131 1317 1133 1338 ,

234 1362 359 1420 studium
380 1362 515 1431 inhibere,
537 1380 599 1421 oum
628 1364 718 1422 dicat:
745 1386 760 1415 e
774 1363 839 1421 Non
866 1362 966 1420 curent
986 1379 1034 1419 ne

235 1462 354 1519 scientes
382 1462 495 1519 litteras
523 1462 638 1519 litteras
658 1462 764 1520 discere
782 1482 818 1531 »3
845 1461 938 1529 tertio,
967 1462 1036 1533 quia

234 1558 371 1616 fratribus
393 1561 503 1618 uidetur
524 1561 588 1632 ipsa
615 1560 714 1633 regula
741 1560 865 1618 laborem
890 1560 1035 1631 imponere

233 1658 405 1729 corporalem
418 1658 477 1731 (2);
489 1659 600 1731 quarto,
612 1660 678 1731 quia
692 1659 733 1716 eis
747 1675 840 1716 rerum
855 1658 980 1715 omnium
987 1656 1033 1729 (3)
1131 1688 1133 1698 ι

234 1755 262 1811 et
291 1772 340 1827 per
367 1772 538 1829 consequens
565 1758 703 1815 librorum
730 1755 839 1814 inhibet
866 1757 1035 1828 appropria·
1131 1798 1133 1805 .

162 1909 166 1917 ,
234 1854 355 1923 tionem3
383 1856 442 1913 sine
472 1857 557 1913 certis
585 1856 680 1913 antem
705 1855 786 1912 libris
812 1855 841 1911 et
865 1855 1035 1926 appropria-

234 1952 272 2008 tis
292 1970 348 2011 non
372 1954 465 2025 potest
485 1953 626 2011 studentis
647 1956 780 2012 memoria
800 1945 950 2011 efficaciter
969 1957 1036 2009 con-

234 2047 331 2108 foveri.
666 2101 675 2115 ,

315 2148 470 2221 Respondit
497 2149 613 2207 Senior:
646 2148 776 2223 Obsecro,
803 2147 840 2207 ad
871 2150 1036 2208 memoriam

234 2262 346 2303 revoces
367 2246 531 2318 praeterita,
553 2247 655 2319 quibus
676 2246 765 2319 petet,
791 2247 865 2320 quod
892 2247 952 2305 vita
979 2248 1037 2304 ista

233 2343 455 2402 clarissimorum
475 2345 550 2402 inter
571 2344 754 2417 philosophos
768 2346 806 2418 et,
821 2344 895 2418 quod
916 2345 961 2403 est
975 2362 1038 2430 am·

234 2441 320 2512 plius,
341 2441 562 2501 clarissimorum
588 2443 664 2500 inter
692 2444 814 2509 sanctos,
843 2442 943 2515 utpote
971 2460 1038 2515 apo
1131 2461 1132 2520 j

234 2538 371 2596 stolorum
392 2539 421 2597 et
441 2540 554 2599 Domini
575 2557 681 2610 eorum,
708 2541 797 2599 uitam
823 2542 1039 2614 expressissima

235 2682 394 2691 -——.—.-

298 2760 320 2821 n
339 2760 364 2808 c.
384 2761 420 2807 ro.
739 2786 744 2796 .
932 2829 933 2832 Ἴ

295 2838 407 2903 nou
653 2917 655 2920 Ι
922 2843 1036 2903 ace
