2284 3484
252 280 291 336 34
515 298 657 340 srmsnoe
677 299 791 340 noers.

251 489 424 562 cognoscant
443 490 481 556 et,
502 491 571 563 quin
591 491 691 548 maiori
717 506 812 547 coram
831 490 895 561 ipso
913 490 1055 547 assistant

251 589 410 646 reuerentia
431 589 460 646 et
481 591 614 646 maiorem
642 587 832 646 conmsionem
860 604 975 646 suorum
1002 588 1055 645 ha-

251 685 339 744 beant
358 688 535 759 peccatorum
558 688 588 744 et
607 687 743 744 humilius
766 703 797 744 se
814 687 840 743 ei
860 686 1053 758 praesentent,

251 787 320 857 quin
339 786 425 842 etiam
446 785 601 844 ardentiori
615 785 784 843 moveantur
803 783 907 842 affectu
919 785 950 841 in
971 801 1054 856 pras-

251 883 344 940 sentia
358 883 433 940 tanti
444 883 525 952 boni;
540 885 579 951 et,
590 885 615 940 si
625 883 678 941 hoc
689 883 865 956 plenoeorde
877 898 934 940 non
945 883 1053 955 poteris

250 981 384 1053 cogitare,
409 997 460 1052 per
480 981 532 1040 hoc
553 983 647 1053 ipsum
667 981 752 1039 debes
770 981 800 1038 te
820 981 1054 1053 superbissimum
1128 1056 1129 1059 Ἴ

251 1079 384 1149 reputare
405 1094 456 1136 nec
477 1080 585 1150 poteris
597 1079 631 1136 de
644 1095 769 1152 congruo
788 1078 855 1136 huic
868 1080 935 1136 tuae
954 1095 1054 1150 soper-

251 1175 313 1234 bias
340 1177 565 1249 praeponderare
585 1177 827 1249 concupiscentias
854 1178 984 1235 aliorum.
1004 1176 1053 1244 Et,

251 1291 314 1332 cum
334 1291 352 1331 a
373 1274 549 1346 sapientibus
570 1277 711 1332 sentiatur
725 1275 809 1348 quod,
823 1275 897 1333 siem
913 1275 1054 1347 contingit

250 1372 370 1430 debono
384 1371 426 1429 ita
446 1372 475 1430 et
488 1372 522 1430 de
536 1374 620 1441 malo,
634 1375 701 1445 quia
718 1375 840 1445 aliquem
853 1372 992 1431 deiectum
1009 1374 1054 1430 est

251 1472 281 1528 in
294 1469 420 1542 quolibet
440 1472 573 1542 reperire,
592 1487 675 1543 quem
689 1473 718 1529 in
733 1472 798 1528 aliis
812 1472 871 1528 hm
886 1470 1054 1528 excellenter

251 1583 308 1625 non
329 1583 480 1640 possumus
500 1569 637 1636 inuenire,
657 1569 741 1626 debes
758 1568 879 1626 tirmiter
892 1569 961 1624 tunc
976 1583 1053 1640 prae

253 1682 371 1735 sumere,
393 1665 468 1740 quod
493 1666 626 1738 superbia
653 1667 693 1723 sit
718 1667 790 1724 illud
811 1666 921 1734 uitium,
942 1667 971 1724 in
997 1682 1052 1738 quo

253 1764 438 1837 singulariter
458 1765 491 1821 tu
511 1765 630 1832 excedis,
644 1782 677 1823 ex
690 1781 745 1837 quo
766 1781 823 1823 non
844 1765 950 1837 poteris
971 1763 1052 1822 tuam

252 1865 411 1934 conspicere
431 1863 622 1935 pravitatem
640 1864 767 1930 steorte,
783 1865 806 1920 si
822 1863 874 1921 hoo
887 1863 932 1920 est
946 1879 1054 1931 verum,

252 1962 324 2018 satis
344 1961 414 2019 bene
436 1961 517 2033 potes
537 1961 566 2018 te
586 1961 715 2019 intimum
734 1962 858 2019 omnium
879 1960 1024 2032 reputare.
1127 1976 1128 1983 ¹

331 2059 384 2116 Sed
405 2059 526 2117 forsitan
541 2060 593 2116 tua
614 2059 736 2131 superba
749 2059 884 2131 cogitatio
896 2058 970 2115 dicet
984 2057 1053 2115 tibi:

253 2156 394 2226 Quomodo
414 2157 467 2216 hoc
487 2158 520 2215 de
541 2157 702 2214 infidelibus
719 2157 843 2229 cogitare
865 2172 990 2229 possum
1005 2156 1053 2229 qui

252 2271 302 2312 nec
323 2253 409 2313 etiem
432 2254 521 2312 Deum
546 2255 728 2326 cognoscunt,
756 2254 830 2327 quod
856 2253 972 2311 infimus
1000 2255 1053 2310 sim
1126 2260 1127 2269 ¹

252 2353 313 2410 sis?
326 2351 379 2409 Sed
393 2352 468 2420 audi,
484 2352 616 2424 superbia
636 2354 732 2409 caeca!
756 2353 802 2409 An
823 2352 947 2424 ignoras,
969 2351 1053 2424 quod,

253 2450 277 2508 si
305 2450 394 2508 Deum
424 2452 578 2524 cognoscis,
605 2452 698 2521 ipsum
719 2467 828 2523 quoque
849 2449 877 2506 te
903 2449 1054 2508 redemisse

252 2549 343 2607 eredis
363 2567 413 2608 suo
434 2551 571 2622 sanguine
586 2549 719 2621 pretioso,
740 2549 769 2605 et
789 2549 889 2606 contra
908 2550 1002 2620 ipsum
1024 2551 1054 2606 in

254 2647 414 2719 superbiam
429 2649 556 2716 elevaris,
572 2647 646 2719 quod
665 2648 783 2720 gravius
804 2663 911 2718 peccas,
929 2648 1053 2719 quamsi

253 2746 321 2804 haec
335 2748 428 2804 omnia
442 2748 609 2820 ignorares?
627 2746 737 2814 Nonne,
759 2746 925 2818 ubicumque
946 2746 1053 2818 peccati

254 2845 342 2903 maior
357 2844 401 2902 est
414 2845 545 2916 cognitio,
567 2846 655 2902 maior
677 2843 877 2915 contemptus?
890 2842 930 2900 Et
950 2860 1052 2910 nonne,

253 2941 301 3000 dbi
323 2943 411 3000 maior
431 2942 618 3015 contemptus,
633 2943 723 3000 maius
745 2941 911 3014 peceatum?
932 2942 1053 3002 Nullum
