2284 3484
417 248 508 290 creor
528 250 591 291 xrrr.
869 235 907 292 65

101 435 179 493 esset
200 436 296 508 lapide
317 436 414 496 durior
434 438 463 495 et
483 438 557 497 ferro
578 439 777 509 insensibilior,
799 457 833 498 ox
853 455 908 514 quo

103 532 188 590 tanta
210 533 264 591 sibi
278 533 369 593 Filios
384 533 452 592 tuus
465 536 540 604 fecit,
554 537 639 595 aliter
653 537 744 596 facere
758 553 814 596 non
829 538 907 599 debo-

103 630 159 698 ret,
179 632 266 690 immo
286 632 372 689 aliter
392 632 484 690 stulta
498 634 660 706 appareret.
675 635 713 692 Et
734 634 781 692 ubi
803 635 847 693 est
868 636 907 693 sio

102 726 193 785 dorus
213 728 298 800 lapis,
311 731 360 801 qui
381 729 456 787 tanti
476 730 576 789 ardore
598 733 702 790 amoris
723 748 779 790 non
801 731 904 790 scinde·

103 825 194 892 retur,
215 826 300 884 immo
320 827 479 899 liquefieret
499 827 573 886 sicut
593 845 666 897 cera,
682 831 712 886 si
733 829 786 887 sibi
807 823 908 888 fierent

101 923 197 980 omnia
210 923 396 994 supradicta?
409 925 448 982 Et
461 925 522 984 ideo
533 942 589 984 non
600 943 754 999 conqueror
764 926 798 983 de
811 927 907 984 anima

101 1019 165 1087 tibi,
179 1019 300 1092 benigne
311 1021 410 1090 Pater,
427 1023 495 1094 quia
515 1022 581 1080 fecit
595 1024 669 1096 quod
689 1023 794 1092 debuit,
810 1023 858 1081 aad
873 1024 906 1081 de

102 1117 153 1176 tuo
167 1117 250 1187 Filio,
264 1119 330 1191 qnia
344 1119 429 1176 nimis
450 1137 511 1177 earn
532 1121 632 1178 allexit
652 1120 793 1178 beneficiis
811 1137 843 1178 ac
864 1137 907 1178 mc

100 1216 130 1272 in
153 1215 241 1272 tanta
259 1217 372 1274 miseria
391 1217 550 1291 dereliquit.

182 1314 308 1373 Attende
329 1315 358 1372 et
377 1316 453 1384 andi,
468 1316 535 1389 quid
548 1316 719 1390 respondeat
732 1317 842 1375 animae
856 1317 907 1375 cle·

100 1412 298 1470 meritissimus
319 1412 421 1470 Pater:

182 1509 256 1578 Quia
276 1511 408 1568 creatura
435 1528 497 1569 moa
525 1528 564 1579 oc,
597 1511 649 1569 tibi
671 1512 815 1570 iustitiam
843 1529 906 1570 cum

101 1607 296 1665 misericordia
316 1607 459 1666 exhibebo.
481 1609 566 1678 Nam,
589 1625 651 1667 cum
672 1610 776 1668 ancilla
797 1612 907 1668 animae

99 1721 187 1773 esses,
203 1720 314 1776 semper
334 1705 429 1764 tamen
450 1706 588 1764 dominari
609 1706 723 1764 voluisti
743 1723 775 1764 ao
797 1723 908 1779 semper

99 1802 263 1860 inordinate
277 1803 377 1874 egisti3
401 1803 462 1872 tibi,
484 1820 540 1862 non
561 1803 639 1872 mihi,
661 1821 722 1862 eam
744 1805 849 1862 servire
871 1804 907 1862 fo·

100 1900 182 1970 cisti;
198 1901 292 1971 ipsam
313 1900 349 1957 ad
370 1902 464 1959 omnia
485 1901 561 1958 mala
576 1917 693 1973 pronam
708 1901 854 1986 reddidisti
867 1901 905 1969 ot,

100 1997 175 2070 quod
190 1998 272 2068 peius
282 1996 335 2066 est,
347 2015 407 2056 eam
419 1997 455 2055 ad
466 1999 617 2071 imaginem
633 2014 723 2056 meam
734 1997 838 2057 factam
849 1999 905 2056 dia·

100 2093 209 2153 bolioae
230 2093 363 2153 servituti
384 2094 550 2164 subdidisti3
573 2112 634 2152 eam
655 2094 753 2153 bestiis
776 2097 905 2164 similem,

99 2193 186 2250 immo
205 2192 337 2262 peiorem,
352 2191 452 2260 fecisti,
467 2209 529 2249 eam
543 2192 675 2250 foetidam
690 2193 719 2250 et
733 2193 907 2252 abominabi-

98 2291 155 2348 lem
169 2289 333 2357 exhibuisti,
347 2307 409 2347 eam
423 2306 509 2361 super
523 2291 599 2348 omni
617 2291 735 2363 caligine
750 2291 905 2364 denigrasti

99 2387 128 2445 et
141 2387 259 2444 tantum
279 2403 341 2444 eam
358 2387 499 2456 alienasti,
521 2387 554 2444 ut
574 2387 732 2446 creaturam
754 2405 844 2446 meam
866 2390 906 2446 sic

98 2484 224 2543 nobilem
245 2499 411 2556 cognoscere
435 2501 492 2542 non
513 2485 646 2542 valerem.
674 2483 808 2557 Oportuit
828 2503 904 2560 orgo,

98 2583 167 2654 qnia
196 2597 311 2639 carnem
337 2581 423 2638 nimis
450 2580 595 2652 diligebat,
618 2598 710 2638 meum
737 2583 839 2640 Filium
862 2585 905 2641 in-

97 2681 223 2747 carnari,
238 2678 272 2736 ut
286 2695 348 2736 eam
362 2678 490 2736 alliceret
504 2679 540 2736 ad
561 2696 645 2736 suum
666 2696 811 2753 meumque
832 2697 906 2740 amo·

96 2794 175 2847 rem3
197 2776 235 2845 et,
258 2777 326 2848 qnia
353 2775 405 2832 tibi
426 2753 506 2835 corni'
531 2777 627 2833 anima
647 2793 709 2834 mea
729 2777 905 2838 adhaerendo

97 2874 214 2936 mortua
234 2873 307 2944 erat,
328 2873 362 2931 ut
376 2872 577 2944 vivificaretur,
598 2874 674 2933 volni
688 2874 791 2934 Filium
813 2892 904 2934 meum

827 2984 996 3034 5..
