2284 3484
394 242 484 320 carun
505 243 587 286 xxm.
834 217 891 278 129

98 435 195 510 figeret
216 435 312 508 podem
334 436 434 504 cordis,
455 435 484 494 et
505 397 684 508 postmodum
711 431 775 491 inde
800 448 893 491 ascen·

98 534 174 592 deret
202 534 242 593 sic
268 533 394 593 faciendo
415 551 534 606 sempor,
555 531 616 592 dico
637 531 724 600 vobis,
746 529 819 604 qnod
839 529 894 588 iste

98 633 162 705 plus
182 631 331 704 proficeret
351 633 380 690 in
400 649 457 691 uno
468 649 572 690 mense
586 648 669 705 quam
685 631 758 688 alius
772 630 802 688 in
816 629 894 702 qnin-

1 800 2 803 ,
98 730 234 804 quaginta
252 732 345 798 annis,
366 733 413 804 qui
434 731 622 790 retrocederet
642 727 894 802 adquiescendum

1 864 2 873 κ
98 830 126 887 et
145 846 257 901 sempor
276 827 381 888 rediret
401 828 437 887 ad
457 829 539 886 idem.
566 827 606 886 Et
632 828 722 897 credo,
743 827 816 902 quod
840 826 895 885 isto

97 928 126 985 in
146 926 224 986 brari
244 927 487 986 consummaretur
503 929 533 986 in
554 927 635 985 statu
653 925 683 986 et
703 927 779 985 esset
791 926 895 1000 glorio-

98 1042 145 1083 sus
164 1042 259 1084 coram
280 1025 399 1085 Domino
420 1026 449 1084 et
470 1044 488 1083 a
508 1025 570 1084 tota
591 1024 704 1084 caelesti
725 1025 803 1084 curia
817 1041 895 1098 prae

97 1123 224 1182 dilectus.

176 1224 205 1282 Si
225 1225 255 1282 in
275 1224 370 1282 monto
391 1223 498 1297 aliquid
520 1222 658 1292 timueris,
672 1224 772 1281 curras
791 1219 827 1280 ad
848 1237 895 1280 ca·

98 1339 214 1382 vernam
234 1323 335 1381 latoris
356 1321 480 1393 christi3
502 1323 608 1380 sivero
628 1337 684 1380 non
706 1321 786 1393 potos
806 1320 897 1379 absti-

1 1466 2 1493 2
97 1439 162 1480 nere
182 1439 200 1478 a
221 1421 305 1490 vallo,
326 1423 392 1495 quia
412 1420 450 1501 ibi
471 1420 599 1479 nutritus
619 1437 658 1489 es,
680 1420 790 1478 neoris
810 1419 896 1477 adim·

1 1530 2 1533 ’
98 1521 175 1592 ploro
202 1519 276 1592 quod
298 1520 365 1588 dixi,
386 1520 438 1577 hoc
465 1519 566 1577 saltem
594 1518 647 1584 fac,
669 1518 702 1575 ut
729 1518 764 1576 ad
792 1518 896 1576 vallem

96 1619 162 1676 tuae
184 1618 312 1675 miseriae
326 1616 355 1676 et
368 1616 458 1675 totius
471 1616 589 1674 humani
601 1617 713 1689 generis
734 1604 897 1675 condescen-

96 1717 147 1775 das
168 1733 218 1791 per
238 1715 526 1774 humiliationem-tui
547 1715 577 1773 et
594 1716 814 1788 compassionem
829 1730 896 1788 pro-

96 1817 173 1883 ximi,
187 1815 248 1873 tam
261 1814 295 1872 de
315 1814 373 1873 tuis
383 1831 468 1887 quam
482 1814 515 1872 de
529 1814 630 1872 alienis
643 1813 760 1873 dolendo
775 1814 912 1886 peccatis

96 1915 125 1972 et
147 1930 198 1986 pro
220 1914 261 1972 eis
281 1914 392 1971 veniam
413 1911 585 1985 postulando
604 1930 622 1970 a
643 1912 710 1971 Deo.
737 1911 815 1981 Quod
836 1913 897 1984 ipso

95 2013 229 2071 concedat
242 2014 291 2087 qui
311 2011 531 2072 estbenedictus
552 2013 582 2069 in
603 2011 724 2069 saecula.
739 2012 829 2070 Amen
841 2009 896 2085 (1).

97 2159 257 2167 0———-.—-

160 2247 183 2304 1)
202 2247 226 2293 M
241 2245 324 2294 addit:
347 2247 396 2293 Hic
416 2246 552 2305 completur
575 2244 646 2291 liber.
667 2245 686 2290 L
706 2243 786 2291 addit:
808 2243 898 2292 «Unde

95 2326 120 2374 in
137 2327 204 2375 brari
218 2328 301 2385 regula
316 2327 375 2374 haec
390 2325 469 2373 omnin
485 2324 661 2385 comprehende.
678 2323 723 2384 Qui
738 2337 780 2384 per
795 2325 897 2372 contem·

94 2407 228 2466 plectionem⁴
241 2409 294 2454 ruit
313 2407 436 2467 peruenire
456 2407 486 2454 sd
506 2406 666 2454 summitatem
686 2405 774 2453 montis
794 2403 896 2463 Domini,

95 2502 143 2535 uon
159 2488 266 2546 quiescat
281 2489 319 2536 ret
337 2488 481 2546 retrocedat,
497 2488 570 2534 donec
590 2488 712 2534 assecutus
732 2485 815 2545 suerit,
837 2485 897 2543 quod

94 2568 211 2628 intendit,
223 2569 271 2617 nisi
281 2569 419 2617 descendero
435 2568 494 2616 velit
509 2569 539 2616 sd
555 2581 648 2616 suorum
664 2568 690 2616 ot
705 2567 804 2616 aliorum
820 2566 897 2615 tristi·

95 2648 156 2698 t'ianl
172 2653 322 2710 pecatorum
332 2667 356 2698 r.

359 2871 640 2900 ‘W
