2284 3484
129 1128 269 1203 Quomodo
290 1129 432 1190 animuin
453 1130 683 1208 ooutomplotiono
703 1130 857 1190 inebriatur

366 1247 456 1288 amoro
477 1227 623 1289 Orontouis.

177 1449 201 1508 O
215 1451 341 1510 altitudo
356 1452 528 1510 diuitiarnrn
542 1453 704 1524 sapientiae
716 1455 743 1508 et
760 1452 894 1509 scientiae

91 1550 160 1621 Dei,
176 1567 264 1620 qaam
278 1550 582 1621 incomprehensibilia
608 1553 679 1608 snnt
698 1551 809 1608 indicia
830 1551 892 1606 eins

90 1650 118 1704 et
139 1649 356 1721 inoestiaabiies
376 1649 439 1706 viae
460 1645 520 1706 eins
537 1647 599 1722 (1)!

176 1745 249 1820 Quis
267 1747 401 1804 ascendet
420 1747 452 1804 in
472 1749 596 1804 rnontern
610 1747 743 1818 Domini,
759 1749 812 1803 ant
829 1746 895 1818 qais

90 1844 184 1901 stabit
198 1844 230 1900 in
246 1843 307 1902 iooo
325 1846 426 1902 sanato
447 1845 533 1902 eins?
553 1845 616 1911 Sed,
631 1845 654 1901 si
669 1845 732 1916 quis
746 1844 894 1901 ascendero

91 1942 224 2010 voluerit,
246 1959 400 2014 perquam
423 1943 496 2000 viam
519 1942 580 2009 ibit,
602 1959 664 2000 oum
679 1941 895 2015 inoestipabites

91 2040 154 2097 sint
170 2040 234 2096 niae
248 2040 310 2098 eins
319 2041 384 2114 (2)?
397 2041 472 2098 Audi
486 2041 618 2098 dilectum
634 2041 725 2108 tuum,
740 2041 834 2097 anima
848 2040 896 2095 do-

91 2137 189 2206 licata,
209 2137 239 2194 ot
258 2138 359 2210 gaude.
378 2138 446 2196 Ouio
468 2138 577 2206 cuncta,
593 2155 664 2210 quae
685 2155 774 2209 supra
788 2135 895 2208 scripta

92 2234 171 2303 suut,
193 2251 255 2292 oum
277 2237 352 2294 omni
366 2237 515 2309 vigilantio
537 2236 680 2294 studueris
700 2236 853 2306 adimplere
868 2234 897 2291 ot

92 2334 150 2390 iam
165 2333 206 2390 sio
216 2333 275 2391 Doo
285 2316 568 2406 appropinquaveris,
580 2336 614 2390 ui
623 2334 694 2390 nihil
710 2333 822 2405 praeter
833 2349 894 2389 oum

92 2432 191 2488 valeas
205 2431 338 2504 cogitare,
353 2433 500 2504 ceteroquo
515 2431 628 2504 praetor
648 2448 710 2488 eum
727 2432 785 2489 sint
799 2430 850 2487 tibi
865 2432 893 2486 iu

90 2531 182 2588 nimio
202 2530 399 2598 amaritudine,
425 2531 453 2587 ot
474 2531 553 2602 quasi
575 2530 710 2587 libentius
731 2529 818 2586 velles
839 2530 897 2584 aui·

91 2645 168 2686 mam
195 2644 212 2684 a
237 2645 353 2700 corporo
375 2629 500 2700 soporari
529 2645 612 2700 quam
634 2629 756 2684 animam
779 2628 857 2683 iuam
880 2643 897 2683 a

158 2781 182 2839 1)
200 2781 267 2825 Rom.
288 2778 325 2836 11,
344 2778 386 2833 33;
404 2777 510 2835 sequitur
527 2779 565 2823 Ps.
584 2778 624 2835 23,
642 2777 665 2823 3.

155 2861 181 2919 2)
201 2860 224 2906 Μ
242 2857 323 2904 addit:
342 2859 394 2903 Hoc
410 2873 469 2904 sane
490 2858 603 2916 inteilipe
621 2858 753 2902 seeundum
773 2857 836 2916 qaod
855 2871 895 2901 no-

89 2947 148 2988 atra
166 2940 301 2999 frapiiitao
314 2943 399 2997 potest
411 2939 567 2997 pertinpere.
