2284 3484
241 207 277 265 16
334 231 335 240 ¹
503 225 643 267 srmuuus
664 225 777 266 rnoms.

239 417 353 473 vesania
367 416 451 485 esset,
468 418 491 473 si
506 417 600 474 certus
619 418 683 483 siru,
697 434 740 473 me
755 415 946 473 aeternalibus
966 417 1043 489 igni-

240 515 292 572 bus
312 513 502 583 cruciandum,
524 533 568 572 me
589 517 700 572 inimico
721 515 833 572 tradere
846 515 875 571 in
897 515 1042 586 praesenti

238 613 267 670 et
281 630 313 670 ox
327 631 402 670 nunc
416 615 537 685 incipere
548 630 611 670 curu
622 612 732 670 diabolo
743 613 925 670 conversari?
938 611 1041 671 Nonne

239 711 380 770 sufficiens
401 712 445 768 est
465 713 516 768 illa
538 713 675 768 miseria?
696 711 766 780 Quid
794 727 838 768 me
865 727 940 768 nuuc
960 712 1041 769 mise

240 827 302 867 rum
324 809 424 867 faciam
446 811 512 867 ante
533 809 670 881 tempus?
688 810 778 867 Immo
793 809 868 866 certe
881 809 946 880 plus
960 825 1041 882 prae·

239 909 388 966 destinatis
417 926 460 965 me
489 909 546 966 Deo
574 925 635 971 meo
664 907 800 974 totaliter,
822 908 908 978 prout
931 907 1040 979 potero,

239 1006 381 1075 exhibebo,
403 1008 435 1063 ut
456 1006 527 1064 nihil
550 1007 588 1064 sit
610 1009 638 1063 in
660 1024 712 1074 me,
727 1023 777 1064 nec
791 1023 847 1074 cor,
862 1023 912 1064 nec
929 1007 1040 1078 lingua,

238 1122 288 1162 nec
308 1105 400 1162 cetera
422 1104 638 1176 membranum
661 1104 791 1161 continue
807 1103 907 1160 sintin
922 1106 1040 1163 servitio

239 1204 289 1261 Dei
311 1205 372 1267 mei,
401 1203 430 1260 et
458 1203 569 1275 saltem,
598 1202 663 1259 dum
696 1219 809 1274 possum
841 1202 870 1260 et
900 1203 1040 1275 quantum

237 1317 361 1373 possum,
383 1300 501 1358 habeam
524 1317 663 1358 summum
685 1300 797 1359 bonurn.

316 1400 394 1457 Sicut
414 1401 488 1457 enim
503 1400 670 1469 saeculares,
686 1401 752 1472 quia
772 1401 801 1456 in
823 1400 1042 1473 quadragesima
1129 1456 1130 1461 ,

237 1514 291 1556 non
303 1498 405 1555 debent
420 1515 519 1556 carnes
533 1498 684 1562 comedere,
696 1498 797 1556 volunt
811 1499 839 1556 in
851 1500 1040 1572 carnisprivio

236 1597 368 1656 carnibus
383 1597 536 1665 abundare,
549 1599 589 1656 sic
600 1597 633 1654 de
646 1598 703 1655 Deo
719 1597 808 1654 facere
819 1597 932 1655 deberet
943 1600 990 1671 qui
1006 1598 1042 1656 de
1129 1575 1130 1586 ἵ

236 1714 287 1754 sua
300 1696 485 1768 praescientia
497 1698 572 1754 esset
583 1697 686 1754 certus.
695 1695 733 1752 Et
744 1696 796 1754 hoc
807 1697 956 1767 praecipue
967 1697 1039 1754 face·

236 1794 279 1852 ret
296 1796 353 1866 qui,
366 1811 455 1866 qaum
470 1796 568 1853 saunis
583 1797 626 1852 cst
635 1795 792 1866 Dominus,
803 1794 1040 1868 depastorct(1);

235 1893 343 1950 ceteras
372 1895 443 1950 enim
470 1893 584 1950 delicias
609 1892 790 1965 absynthium
820 1892 966 1964 reputaret
982 1894 1040 1966 (2).
1129 1904 1130 1920 ¹

299 2168 321 2226 l)
341 2168 379 2213 Ps.
398 2167 436 2224 33,
454 2167 477 2213 9.
904 2228 906 2231 v

300 2250 324 2307 2)
342 2250 365 2294 Μ
383 2249 468 2295 addit:
490 2249 573 2307 «Quill
594 2249 669 2295 levius
690 2248 793 2294 vincitur
814 2263 881 2306 quam
903 2249 974 2304 DcuS,
999 2250 1041 2306 qui
1081 2233 1083 2240 Ι

234 2331 283 2376 solo
300 2331 408 2388 amplexu
425 2329 502 2375 corrlis
520 2343 544 2374 so
560 2332 585 2375 et
602 2343 644 2375 sua
661 2329 747 2375 tribuit
763 2329 917 2388 amplexanti,
930 2329 955 2375 et
968 2330 1040 2386 quasi

233 2412 290 2455 tuuc
311 2409 434 2467 praecipue
451 2408 535 2455 violari
553 2409 654 2466 videtur,
672 2423 723 2455 curu
744 2425 758 2455 a
779 2411 910 2468 peccatore,
928 2422 970 2455 suo
993 2409 1039 2456 ini-

191 2497 195 2501 ·
233 2489 301 2546 mico,
319 2503 385 2545 quem
402 2490 539 2547 reprobasse
556 2489 670 2546 creditur,
684 2504 708 2536 se
724 2491 749 2536 et
765 2504 830 2535 suum
849 2503 952 2546 reguum,
962 2493 1041 2537 solum

233 2569 258 2615 in
275 2569 420 2628 amplexibus
438 2569 558 2628 permittit
576 2569 663 2616 invadi.
679 2571 731 2616 Non
747 2571 807 2616 euim
825 2572 863 2616 est
878 2570 912 2616 sic
928 2575 1041 2628 peccator
1065 2575 1068 2583 '

233 2650 266 2696 sic
282 2651 429 2708 desperatus
448 2651 468 2697 si
484 2651 605 2697 Dominum
623 2649 724 2706 requirit
735 2654 759 2696 et
770 2650 844 2710 ipsum
857 2650 959 2707 stringit
972 2666 1038 2698 men-

232 2728 266 2776 tis
283 2731 377 2788 affectu,
391 2731 453 2777 sicut
464 2732 541 2787 debet,
560 2730 617 2788 quin
634 2731 708 2789 ipsum
725 2733 749 2776 et
766 2746 831 2776 suam
843 2731 984 2789 patientiam
998 2748 1039 2779 ura·

171 2855 173 2859 ,
232 2812 282 2858 leat
298 2811 425 2869 possidere.
443 2812 531 2857 Bonum
553 2813 590 2857 est
611 2825 666 2868 ergo
687 2825 738 2857 cum
759 2811 856 2857 Domino
877 2813 959 2858 nostro
980 2814 1036 2860 affe·
1129 2812 1130 2847 ἓ

232 2891 321 2938 ctuosis
337 2891 424 2938 luctari
440 2891 595 2951 amplexibus,
614 2891 669 2949 quia
685 2894 767 2939 contra
784 2891 834 2939 eius
850 2892 995 2953 senteutiam
1013 2897 1039 2940 et
