2284 3484
425 261 515 302 eaeor
536 262 587 302 xri.
870 244 905 302 61

107 452 220 511 liberali
240 453 277 510 ad
298 453 409 511 modum
431 453 570 523 filiorum3
593 453 677 522 absit,
695 454 768 526 qnod
789 454 910 512 voluerit

107 552 207 621 dicere,
228 551 301 623 quod
323 553 356 610 de
377 553 469 612 eetero
490 552 666 610 voluntatem
681 552 807 610 nostram
829 553 911 610 faeia-

108 665 180 707 mus.
203 648 273 707 Cum
294 651 367 707 enim
388 650 459 706 dixit
473 650 611 708 Dominus
626 649 688 724 (1):
708 650 764 725 Qut
785 651 847 708 oreti
866 667 910 708 oe-

107 750 172 805 m're
199 751 268 820 post
297 763 351 821 me,
379 765 434 806 non
470 748 555 805 dixit:
589 765 670 806 suum
705 749 910 820 beneplacitum

108 846 260 918 aequatum
275 845 339 903 sed:
354 846 472 919 otneqet
490 847 674 918 semetipsum
694 849 721 903 et
742 846 828 904 tollet
848 863 911 904 eru·

108 960 167 1001 eem
187 961 273 1002 eoam
288 947 322 1001 et
347 948 489 1016 sequatur·
508 961 570 1014 me;
589 946 618 1002 et
649 944 710 1003 tota
738 961 818 1003 saera
846 947 911 1003 sori·

13 1100 14 1103 ,
109 1042 206 1114 ptura,
226 1041 279 1100 hoe
306 1042 351 1099 est
379 1042 437 1100 tam
466 1059 570 1102 nouum
597 1043 798 1100 testamentum
827 1060 911 1115 qnam

110 1141 193 1197 vetus
213 1140 399 1200 obedientiam
420 1141 529 1198 laudat.
548 1143 577 1198 Si
598 1143 671 1199 enim
693 1141 794 1200 bonam
816 1159 912 1214 super·

111 1239 185 1296 biam
207 1238 335 1312 habereut,
356 1257 412 1298 nou
434 1257 566 1298 renueres
581 1240 638 1298 Deo
660 1242 764 1297 tamin
783 1257 909 1313 sequam

111 1338 196 1394 etiam
218 1338 248 1393 in
269 1337 394 1409 quolibet
413 1338 541 1409 praelato
563 1339 699 1396 vilissimo
721 1338 840 1406 obedire,
863 1339 910 1396 sed

110 1434 206 1506 potius
225 1434 419 1508 dedignareris
444 1437 567 1493 animam
596 1436 674 1495 tuam
703 1437 761 1493 tam
790 1436 911 1493 nobilem

110 1532 246 1590 subiicere
273 1533 357 1590 alieni
386 1533 434 1590 alii
454 1535 610 1592 creaturae.
634 1534 736 1592 Mirum
759 1535 802 1591 est
829 1535 911 1603 enim,

109 1630 182 1703 quod
204 1630 374 1703 dedignatur
388 1631 471 1690 homo
493 1633 599 1689 servire
621 1632 677 1690 Deo
699 1634 728 1689 in
743 1632 870 1705 praelato
885 1634 913 1689 et

110 1747 167 1790 non
188 1730 359 1803 dedignatur
379 1732 485 1789 servire
506 1733 556 1788 uni
576 1731 664 1790 libero
686 1731 737 1788 ant
760 1732 844 1789 alieni
865 1733 913 1790 alii

110 1830 266 1887 vilissimae
287 1830 442 1898 creaturae,
465 1830 513 1887 sed
534 1830 625 1888 totum
641 1831 753 1902 tempus
767 1847 849 1887 sunm
862 1833 914 1888 ni·

111 1927 184 1986 titur
204 1927 360 1999 expendere
380 1928 453 1985 eirea
481 1927 552 1984 nihil
578 1928 765 2003 reputatione.
793 1927 913 2001 Ideoque

111 2026 157 2083 uir
177 2025 313 2083 cordatus
333 2042 459 2093 cernens,
480 2014 553 2098 quod
576 2028 634 2097 ipse
656 2026 818 2098 plusquam
840 2027 914 2084 alius

111 2139 140 2180 se
161 2122 312 2182 offenderit
331 2122 361 2180 et
380 2124 480 2182 contra
502 2123 653 2182 Dominum
671 2140 780 2195 semper
795 2124 913 2195 superbe

111 2220 212 2294 egerit,
236 2238 317 2278 suam
339 2221 515 2280 voluntatem
536 2223 565 2278 in
589 2222 739 2280 vindictam
756 2221 807 2278 Dei
828 2224 856 2278 et
871 2224 914 2279 sni

111 2320 217 2376 nititur
243 2321 273 2376 in
295 2319 424 2378 omnibus
455 2320 612 2393 abnegar03
638 2337 667 2378 se
698 2321 791 2391 ipsum
813 2319 915 2377 abhor-

14 2426 15 2505 ζ
111 2434 177 2476 rens
201 2417 288 2474 vellet
307 2418 344 2474 ab
364 2418 493 2476 omnibus
513 2420 679 2486 conculcari,
695 2435 805 2490 sempor
819 2419 914 2474 tamen

111 2517 206 2573 omnia
226 2515 263 2572 ad
285 2515 335 2572 Dei
357 2518 401 2573 sui
428 2516 561 2574 honorem
591 2515 723 2574 referem.
745 2516 823 2591 Quod
854 2518 915 2587 ipse

110 2613 247 2672 concedat
261 2613 351 2682 nobis}
362 2615 409 2686 qui
424 2615 553 2674 obediens
567 2614 649 2671 Patri
665 2631 715 2686 pro
730 2614 810 2672 nobis
824 2614 915 2673 voluit

110 2713 250 2783 crucifigi.
271 2713 371 2770 Amen.

114 2849 274 2858 -—-—--

177 2928 200 2986 1)
219 2926 309 2974 men.
329 2927 366 2985 ro,
384 2926 423 2972 ee.
