2284 3484
233 252 292 311 134
372 268 516 312 ωτισιτι
535 268 674 311 eruemus
692 268 748 311 eso
766 267 894 310 enuere.

231 475 374 531 quaerere,
395 459 498 516 bonum
519 459 637 532 diligere
648 460 678 516 et
690 458 727 516 ad
740 459 940 517 beatitudiuem
954 460 1030 531 aspi·

232 574 305 623 rare,
326 556 394 614 haec
415 558 483 613 mihi
504 574 556 629 per
575 558 700 615 rationes
729 557 868 615 humanas
888 573 1029 630 quaerens

231 655 361 712 noctibus
387 656 560 713 obscuriores
587 673 644 713 uon
673 656 751 728 potui
778 657 911 713 invenire.
932 656 1029 712 Sciens

231 753 294 808 insu
297 769 356 824 per,
368 752 575 825 philosophiam
589 770 650 811 usse
662 739 850 827 cognitionem
862 752 984 810 hominis
994 751 1028 809 de

231 867 261 906 se
281 851 352 922 ipso,
373 868 525 908 conversus
538 851 574 908 ad
594 852 696 908 intima
709 867 771 908 mea
792 851 882 922 reperi
902 851 1026 907 animam

167 940 171 959 '
230 966 320 1005 meam
341 949 482 1006 infirmam
503 950 656 1017 desideriis
677 949 805 1009 hebetem
824 948 936 1017 studiis,
963 947 1028 1006 vici-

230 1060 296 1103 nam
318 1049 404 1114 vitiis,
426 1047 455 1104 et
474 1049 602 1120 quaesivi
628 1050 653 1105 ei
679 1048 765 1121 longo
789 1049 913 1120 tempore
940 1046 1029 1103 niedi-

231 1146 332 1201 riuam.
354 1144 392 1201 Et
405 1146 536 1217 quoniam
558 1146 692 1217 voluptas
705 1147 913 1218 corporisque
934 1144 1028 1201 inten-

230 1243 288 1301 sior
307 1244 360 1310 est,
381 1260 412 1300 eo
433 1242 626 1301 vehementius
645 1243 764 1315 impedit
786 1243 932 1310 rationem,
959 1242 1027 1300 dum

230 1340 368 1397 rationem
389 1342 523 1413 optabam
545 1341 649 1399 ualere
675 1342 803 1409 liberam,
822 1340 955 1409 conclusi,
983 1339 1029 1397 iu·

229 1437 360 1510 giendam
388 1456 450 1496 esse
470 1440 646 1512 voluptatem
678 1440 847 1508 sensibilem,
874 1455 907 1496 ao
933 1454 1028 1496 errore

230 1536 344 1607 plenam
364 1554 425 1594 esse
446 1538 616 1595 sententiam
636 1537 761 1609 Epicuri.
898 1518 908 1539 ⁰

311 1633 444 1693 Converti
463 1635 561 1715 deinde
581 1636 738 1693 contuitum
759 1634 796 1693 ad
823 1650 917 1693 rerum
941 1633 1028 1692 fluen·
1140 1619 1141 1698 l

229 1729 299 1787 tiam
321 1732 514 1799 terrenarum
535 1734 564 1789 et
583 1734 650 1805 quia
677 1734 756 1804 ipsae
776 1732 894 1805 propter
913 1731 1030 1789 delicias

229 1828 415 1901 appetuntur,
435 1846 507 1903 quas
522 1847 694 1902 spreveram,
707 1831 738 1888 et
757 1832 824 1903 quia
836 1828 1029 1902 implicatione

229 1944 280 1984 sua
300 1926 480 1986 vehementer
507 1928 638 1986 dividunt
663 1929 693 1987 et
713 1929 878 1987 distrahunt
901 1930 1029 1986 animum

228 2024 407 2096 possidentis,
428 2026 537 2083 decrevi
557 2043 636 2084 ease
650 2043 694 2083 me
707 2027 834 2099 exemplo
846 2027 1028 2098 antiquorum

228 2121 488 2194 philosophantium
510 2124 623 2195 penitus
646 2125 788 2197 elongare.

307 2218 343 2277 In
363 2219 485 2293 gloriam
499 2221 611 2280 demum
625 2222 809 2294 temporalem
823 2222 925 2281 levatis
939 2223 1029 2281 oeulis

228 2316 295 2384 vidi,
316 2334 378 2375 eam
403 2318 480 2377 fumo
507 2319 627 2377 similem
654 2320 783 2388 existere,
803 2321 869 2378 dum
896 2320 925 2378 et
952 2319 1028 2393 fugit
1137 2369 1138 2376 ,

229 2415 351 2474 velocius
378 2417 407 2473 et
433 2419 562 2475 excaecat
588 2435 621 2476 ao
647 2417 752 2491 affligit
778 2418 873 2477 oeulos
902 2418 1026 2477 inaniter
1137 2403 1138 2446 l

226 2513 387 2586 gloriantis.
415 2514 492 2573 Haeo
519 2516 589 2573 sunt
614 2514 746 2589 Acpppti
766 2516 865 2589 porri,
894 2532 979 2588 cepae
998 2522 1027 2574 et

227 2610 303 2668 ollio
317 2608 372 2686 (1),
384 2628 454 2685 quae
469 2614 593 2671 excitant
607 2614 636 2672 et
649 2613 828 2671 inflammant
841 2612 985 2673 libidinem
999 2613 1030 2673 et

228 2708 396 2782 extorquent
420 2711 570 2783 angustias
596 2712 721 2769 inanium
750 2712 948 2785 laerymarum,
977 2728 1029 2785 pro

292 2920 314 2979 1)
331 2918 381 2967 cn.
399 2920 469 2968 Num.
487 2921 526 2982 11,
544 2922 568 2969 5.
686 2923 689 2928 '

1134 2823 1137 2934 l
