2284 3484
233 222 289 281 148
371 239 512 281 oauuroon
533 240 670 283 uouemus
691 239 745 282 rao
764 241 892 283 ornncao.

310 430 349 489 nt
372 430 438 488 dum
460 429 528 487 mihi
548 430 692 503 praedicta
712 429 853 488 sententia
873 430 907 487 de
927 430 1030 489 loculis

230 528 384 602 probabilis
397 528 549 598 uideretur,
571 530 695 601 cogitare
714 530 800 600 coepi,
816 545 848 586 ex
868 546 925 601 qua
946 529 1029 601 parte

229 628 369 701 evangelii
396 627 479 685 tanta
499 627 595 699 posset
615 627 794 700 paupertatis
820 627 961 687 districtio
981 629 1030 687 de-

229 729 342 785 clarari.
357 726 512 799 Respondit
526 725 594 783 mihi
607 726 704 785 Senior
724 726 878 799 inquirenti
897 727 932 784 de
945 744 1029 785 evan·

228 827 302 900 gelio
316 824 473 884 manifeste.
487 823 566 882 Unde
577 823 716 883 Matthaei
731 823 769 882 10
780 823 840 898 (1):
853 824 955 910 Notite
962 842 1029 897 pos·

227 924 321 983 sidere
334 940 441 981 oerum
454 938 544 995 neque
558 925 712 995 arpentum
725 939 815 995 aeque
823 923 982 995 poemiam
996 924 1029 980 e'n

227 1024 310 1081 zonis
337 1037 429 1093 aeque
446 1037 549 1092 peram
569 1023 603 1078 ia
629 1022 678 1078 oia
705 1020 890 1093 nequedum
911 1022 1027 1080 teneas

227 1118 1027 1192 aequecalceamenranequevirpametnomrnevirgae

227 1218 267 1275 eis
276 1216 420 1289 prohibuit
430 1232 510 1275 omne
520 1233 611 1290 genus
621 1216 793 1274 armaturae.
801 1216 1027 1289 Haeoexponens

228 1315 416 1389 Hieronymus
429 1315 473 1389 (2)
491 1314 568 1383 dicit,
583 1316 649 1387 quia
661 1314 715 1388 (3),
733 1337 749 1366 ι
760 1316 785 1372 si
797 1314 866 1373 haee
878 1314 1027 1384 haherent,

226 1413 389 1472 viderentur
410 1430 466 1471 non
481 1429 566 1471 causa
581 1412 683 1471 salutis
696 1412 840 1472 hominum
855 1413 1027 1485 praedicare,

227 1511 275 1569 sed
295 1512 375 1569 lueri.
398 1510 601 1583 Propemodum
623 1513 781 1569 necessaria
795 1511 870 1570 vitoe
883 1512 1027 1584 amputat,

226 1609 259 1668 ut
279 1610 401 1683 apostoli
422 1610 549 1669 doctores
570 1627 653 1668 uerae
667 1610 820 1684 religionis,
834 1610 882 1682 qui
902 1611 1029 1669 instrue-

226 1708 304 1777 bant,
320 1710 413 1768 omnia
428 1708 714 1781 providentiadiuina
727 1707 889 1781 gubernari,
903 1725 934 1766 se
948 1710 1027 1782 ipsos
1138 1791 1139 1800 ἵ

226 1807 407 1865 ostenderent
427 1807 497 1864 nihil
518 1807 644 1880 cogitare
662 1805 696 1864 de
717 1805 841 1865 crastino
855 1806 901 1881 (4)
914 1830 945 1863 ι.

307 1905 361 1963 His
381 1906 473 1962 causis
495 1920 542 1963 eos
562 1906 592 1962 in
606 1905 689 1963 tanta
703 1905 837 1977 pauperie
854 1904 1025 1963 destinavit:
1138 1909 1139 1912 ’

230 2004 355 2075 «primo,
377 2003 410 2061 ut
430 2003 467 2060 ab
485 2004 525 2061 eis
544 2002 772 2074 praedicantibus
792 2004 883 2061 omnis
903 2004 1028 2076 suspicio

225 2100 382 2168 tolleretur,
397 2101 463 2158 dum
484 2100 564 2158 nulla
579 2101 692 2159 terrena
706 2099 873 2173 quaererent
885 2100 915 2158 et
928 2100 1028 2159 oblata

224 2196 309 2254 etiam
322 2197 499 2267 recusarent3
511 2198 641 2266 seeundo,
652 2198 685 2255 nt
695 2198 817 2256 virtutes
825 2197 929 2256 Christi
940 2216 1028 2272 agno·

224 2295 335 2353 suerent
345 2294 373 2353 et
384 2295 564 2354 ostenderent
575 2298 664 2354 servis
678 2297 736 2354 suis
750 2298 810 2354 sine
823 2296 949 2355 humana
964 2314 1027 2369 pro

225 2392 349 2450 videntia
369 2394 528 2451 necessaria
548 2394 755 2463 ministrantis;
770 2393 863 2463 tertio,
882 2394 916 2452 ut
935 2411 969 2453 er
984 2412 1026 2455 eo

224 2507 286 2547 rum
301 2490 431 2551 cordibus
445 2492 596 2550 avaritiam
607 2492 743 2551 radicitus
757 2491 937 2565 exstirparet,
952 2510 1026 2566 qnae

287 2738 298 2783 1
328 2738 356 2785 V.
374 2739 389 2785 9
406 2753 417 2786 s
436 2772 443 2786 .

284 2739 309 2878 23
327 2818 354 2865 Iu
370 2752 458 2867 Matzh.
478 2819 515 2878 10,
533 2820 548 2867 9
564 2833 601 2878 sq.
766 2820 791 2879 8)
809 2821 827 2866 L
843 2819 935 2868 omittit
952 2822 1023 2881 quio.

283 2898 308 2957 4)
326 2898 374 2947 Gir.
392 2900 492 2959 Bonan,
509 2900 586 2963 Apol.
599 2903 692 2962 paup„
708 2914 730 2948 o.
749 2902 763 2950 1
779 2915 804 2950 ιι,
824 2900 861 2950 10.
