2284 3484
422 299 513 347 onnon
533 299 592 348 su.
867 281 905 346 89

103 497 280 561 contrarium
302 498 455 558 videamus,
477 499 551 556 Nam
573 497 606 556 de
628 499 707 557 bonis
739 499 857 570 proximi
879 498 908 555 et

104 596 138 654 de
158 614 227 654 suae
247 598 412 655 excellentia
433 597 596 655 sanctitatis
610 613 708 654 sumus
729 597 843 666 incerti;
859 596 907 654 sed

104 695 138 752 de
158 695 310 768 multiplici
331 678 431 755 nostra
452 695 562 753 malitia
583 713 681 752 sumus
701 695 780 753 certi:

184 793 291 866 Magna
311 794 356 851 est
376 795 450 851 enirn
473 794 645 866 praesumtio
666 793 739 851 velle
759 809 827 865 erga
846 807 908 864 pro-

103 892 210 948 ximum
232 909 324 949 meum
344 892 467 950 limitare
489 891 665 949 influentiam
693 891 805 948 divinae
832 889 908 948 boni·

103 989 184 1057 tatis,
206 991 273 1062 quia
294 989 361 1048 mihi
382 1006 478 1048 omnes
492 1007 584 1048 mores
598 991 640 1048 soi
661 1005 717 1048 non
733 990 855 1062 placent.
869 989 908 1046 Et

104 1089 172 1161 qnid
191 1089 331 1158 insanius,
345 1105 429 1161 qnam
444 1089 516 1146 velle
530 1088 654 1146 divinam
676 1088 907 1161 complacentia-m

105 1186 259 1244 secundum
288 1205 377 1244 rnearn
408 1187 640 1260 complacentiam
669 1187 820 1260 regulare?
848 1185 908 1244 Hoc

103 1285 175 1343 tnnc
195 1286 275 1354 facio,
297 1286 408 1358 quando
435 1285 517 1354 illud,
537 1285 611 1358 qnod
632 1301 688 1343 non
709 1283 802 1357 placet
829 1283 906 1352 mihi,

104 1384 163 1443 Deo
186 1385 314 1457 suspicor
334 1401 390 1442 non
412 1384 532 1457 placere.
554 1383 622 1441 (lum
646 1384 729 1442 etiam
752 1382 839 1451 rides,
860 1398 907 1441 eos

104 1483 180 1540 circa
211 1482 350 1541 extoriora
380 1483 529 1555 implicari,
560 1482 629 1539 tuno
660 1480 784 1554 cogitare
814 1480 906 1549 debes,

103 1580 178 1652 quod
198 1581 250 1637 illa
275 1580 311 1637 ad
338 1581 448 1638 landem
481 1582 526 1638 sni
553 1580 696 1638 creatoris
727 1579 853 1637 referant
879 1579 908 1636 et

4 1734 5 1739 ,
104 1679 197 1751 magis
218 1680 248 1736 iu
269 1679 326 1736 illis
347 1681 420 1737 circa
447 1681 536 1737 Deum
562 1679 724 1736 afficiantur
752 1695 837 1751 qoam
865 1678 906 1745 tn,

4 1784 5 1787 ’
73 1804 76 1808 *
101 1792 165 1834 cnm
187 1777 216 1834 te
238 1777 312 1835 recte
332 1779 473 1835 convertis
491 1778 527 1834 ad
548 1777 648 1834 Deum.
670 1777 802 1836 Fortasse
824 1777 906 1846 enim,

102 1877 170 1947 quia
192 1877 234 1932 sic
255 1875 343 1932 Deum
364 1875 489 1947 diligunt
518 1875 707 1943 vehementer,
732 1875 825 1947 ipsum
847 1873 908 1931 stn-

101 1973 171 2031 dont
192 1989 326 2045 quaerere
348 1990 397 2046 per
417 1974 546 2047 singulas
565 1974 722 2041 creaturas,
743 1973 907 2044 adunasse

105 2071 221 2144 oportet
241 2072 412 2140 convertere,
433 2073 499 2144 quia
519 2075 612 2145 ipsum
641 2073 670 2128 in
698 2070 827 2129 omnibus
847 2086 907 2127 esse

103 2172 197 2227 nimis.
210 2170 381 2227 laudabilem
410 2170 439 2228 et
458 2170 622 2243 diligibilem
644 2169 672 2227 et
696 2168 907 2227 desiderabilem

101 2267 319 2340 recognoscunt.
332 2267 371 2325 Et
384 2267 437 2325 boc
450 2268 494 2325 est
508 2284 642 2340 maguum
663 2283 757 2325 eornm
773 2265 906 2340 gandium

4 2410 5 2427 2
100 2367 131 2424 ot
151 2366 273 2434 laetitia,
295 2383 357 2424 cum
379 2366 476 2423 vident
494 2367 523 2422 in
548 2365 633 2422 rebus
654 2365 799 2422 vilissimis
827 2381 907 2421 suam

101 2465 260 2537 potentiam
281 2464 311 2521 et
331 2481 411 2521 suam
433 2463 600 2536 sapientiam
628 2463 657 2521 et
685 2462 838 2520 bonitatem
860 2463 908 2519 mi·

100 2563 233 2620 rabiliter
252 2561 509 2620 commendandam.
530 2561 569 2617 Et
593 2561 654 2618 ideo
675 2559 747 2618 forte
768 2560 819 2616 illa
840 2560 908 2617 vilia

101 2661 141 2718 sic
161 2659 285 2717 libenter
311 2659 498 2739 pertractant,
520 2675 570 2716 neo
600 2657 796 2716 assimilantur
816 2657 907 2726 nobis,

101 2759 205 2832 quibus
227 2759 321 2816 omnia
343 2758 411 2816 sunt
431 2759 537 2816 nociva.
553 2756 592 2813 Et
613 2757 694 2825 forte,
715 2755 827 2829 quando
847 2773 908 2814 cre-

102 2857 205 2926 dimus,
227 2873 275 2916 eoa
296 2856 400 2915 otiosos
420 2873 490 2924 osse,
512 2855 581 2913 tunc
594 2854 777 2913 inenarrabili
798 2854 908 2912 laetitia

7 2974 11 3065 i
103 2955 247 3029 spirituali
266 2956 386 3013 interius
403 2952 622 3027 perfunduntur,
641 2953 770 3026 quamvis
785 2953 836 3011 hoc
850 2952 907 3010 dis·
962 2951 975 2983 ‘
1064 2959 1073 2972 ·
