2284 3484
492 178 633 225 summos
655 179 769 225 amomo.

812 281 1023 293 m

307 370 359 428 Sed
381 373 531 444 specialius
544 372 581 429 ad
601 372 675 430 dona
694 374 810 446 gratum
831 372 964 431 facientia
984 372 1028 430 de·
1124 364 1126 375 '

227 469 401 527 soendamns¹
424 469 465 528 De
485 471 544 527 illis
565 471 684 543 gloriari
697 487 754 528 non
768 471 860 543 potes,
880 471 947 543 quia
961 469 1030 528 haee

226 567 255 624 te
275 567 378 626 habere
399 569 524 641 ignoras,
545 570 639 638 immo,
654 570 679 626 si
696 570 838 641 gloriaris,
859 584 917 627 non
931 568 1029 626 habes.

227 665 280 723 Sed
301 666 396 735 etiam,
418 666 491 739 quod
506 666 537 724 tu
552 666 667 735 habeas,
683 683 890 740 supponamus3
906 667 1030 738 qualiter

227 763 321 821 autem
343 780 375 822 ea
397 764 551 836 possideas
565 765 720 822 rideamus
735 764 797 821 Tibi
818 763 924 821 infideli
938 780 1030 831 servo,

227 860 365 933 proditori
384 860 506 930 Domini,
527 862 697 920 destructori
714 862 766 932 toi,
781 860 930 930 iustitiam,
945 878 1031 934 quam

228 957 363 1029 possides,
379 958 476 1017 noster
493 958 713 1032 benignissimus
734 959 872 1018 Dominus
892 959 1029 1032 tanquam

227 1071 353 1127 pannoni
375 1049 563 1121 albissimum,
575 1057 626 1113 tibi
635 1057 725 1125 dedit,
747 1057 776 1114 et
796 1057 828 1114 tu
842 1073 903 1114 eam
919 1056 1031 1114 stillare

228 1169 284 1211 non
299 1170 393 1212 cessas
409 1155 546 1226 sanguine
560 1155 746 1213 menstruoso.
762 1155 824 1222 Sed,
838 1170 854 1212 o
869 1155 900 1210 tu
915 1154 1032 1211 vesania

228 1252 319 1323 plene,
341 1252 450 1309 utinam
472 1251 574 1309 saltem
603 1250 730 1321 frontem
756 1251 891 1310 molieris
910 1251 1031 1310 haberes

227 1349 387 1408 meretricis
399 1347 460 1424 (1)l
484 1338 601 1419 Quaeso,
616 1367 687 1423 quse
706 1350 745 1408 sit
759 1350 891 1408 meretrix
912 1351 952 1407 sie
972 1365 1031 1407 oor·

227 1446 323 1518 rupta,
344 1463 415 1519 quae
435 1446 469 1503 de
490 1449 636 1506 menstruo
656 1445 816 1520 glorietur?
836 1449 929 1514 immo,
944 1463 1031 1518 quam

227 1545 298 1601 velis
318 1545 446 1602 invenias
460 1546 643 1612 meretrioem,
659 1562 730 1618 quae
745 1546 778 1603 de
796 1545 848 1604 hoo
861 1561 916 1603 non
931 1544 1032 1602 intime

229 1641 440 1700 confundetur?
466 1660 517 1701 neo
543 1644 630 1701 etism
658 1643 711 1701 hoo
730 1643 817 1701 audet
844 1659 949 1715 sponsa
980 1659 1033 1701 suo
1068 1712 1071 1715 ¹

228 1739 423 1798 amantissimo
444 1742 578 1806 revolare.
601 1740 673 1809 Quid
700 1756 776 1813 ergo,
797 1757 814 1798 o
835 1741 971 1808 stultitia,
1000 1741 1031 1797 in

229 1837 339 1894 malitia
360 1838 515 1910 gloriaris?
535 1839 563 1894 Si
585 1838 697 1894 tantum
719 1837 804 1895 semei
825 1839 854 1895 in
875 1853 970 1894 mense
994 1837 1033 1895 ad
1124 1864 1126 1911 ς

228 1934 340 1992 modum
363 1937 489 1993 mulieris
509 1935 650 2004 deficeres,
664 1934 784 1993 haberes
804 1935 901 1994 forsan
915 1951 1031 1993 oausam

230 2032 354 2104 aliquem
385 2033 546 2106 gloriandi?
572 2033 625 2091 Sed
653 2033 784 2090 erubesce
811 2033 840 2090 et
865 2033 936 2101 dole,
964 2035 1033 2105 quia
1124 2058 1125 2063 ¹

229 2130 381 2188 continuus
403 2130 447 2187 est
467 2129 559 2187 fluxus
578 2129 654 2187 tuus.
675 2131 704 2188 Si
725 2146 792 2203 ergo
813 2130 857 2188 est
876 2146 895 2187 a
915 2130 943 2188 te
964 2130 1033 2188 tsn-

228 2226 288 2284 tum
312 2227 415 2284 malum
438 2227 467 2284 et
488 2245 505 2284 a
526 2226 585 2285 Deo
607 2228 719 2288 tantum
735 2227 848 2296 bonum,
863 2244 920 2285 non
940 2229 970 2284 iu
992 2227 1032 2298 to,
1124 2250 1125 2281 r

229 2324 277 2381 sed
297 2325 325 2381 in
348 2324 466 2382 Domino
487 2325 618 2397 glorieris
632 2325 708 2382 etde
725 2324 775 2382 tua
797 2325 974 2396 turpitudine
988 2341 1034 2385 oo·
1124 2352 1125 2357 ¹

229 2439 289 2479 ram
311 2421 421 2479 divinae
435 2422 595 2479 Maiestatis
613 2423 700 2481 ooulis
720 2423 852 2481 continue
872 2423 1035 2494 erubescas,
1124 2432 1125 2435 ’

229 2520 304 2577 siout
324 2519 439 2578 deficere
460 2535 516 2578 non
538 2519 662 2578 desistis.

294 2829 316 2889 1)
334 2830 416 2876 Ierem.
435 2831 458 2887 3,
477 2831 499 2878 3.
