2284 3484
408 256 499 298 curun
520 256 601 298 reru.
750 259 754 264 ·
851 239 908 297 113

85 444 187 504 'modo
208 463 303 504 amore
324 447 367 504 tui
388 462 503 518 peccare
525 445 640 518 poteris,
662 447 709 518 qui
739 445 860 517 perfecte
882 447 911 502 te

107 543 168 602 odis
189 544 219 600 et
241 544 403 602 Creatorem
424 545 515 602 solum
537 545 657 617 diligis?

187 641 265 700 Haec
285 643 361 700 certe
382 644 405 698 si
427 642 570 714 habueris,
591 641 627 698 ad
653 640 807 713 perfectam
834 641 910 700 inno-

106 740 230 798 centiam
243 741 272 798 et
286 741 450 799 sanctitatis
470 739 740 799 consummationem
765 739 910 812 pertinges

107 838 204 910 etqui
226 837 478 912 fuistialiquando
510 855 610 896 servus
637 838 750 907 diaboli,
773 840 828 896 eris
851 855 910 910 per·

1 936 2 985 l
107 938 248 994 maximus
267 938 297 994 in
318 955 405 1010 regno
437 937 498 994 Dei.
526 935 597 1006 Quid
626 953 693 1010 ergo
721 939 833 1009 assequi
854 936 910 993 ista

1 1062 2 1065 ¹
107 1034 280 1092 tardamus?
301 1035 393 1104 Quare
413 1037 585 1108 negligimus
605 1034 679 1092 hanc
699 1036 802 1092 mentis
824 1035 910 1106 perf·

106 1132 228 1190 ctionem
250 1131 376 1191 habere?
396 1133 532 1206 Nunquid
547 1133 600 1190 hoc
614 1133 717 1190 donum
738 1133 910 1190 excellentis·

107 1231 209 1287 simum
231 1231 347 1303 negabit
369 1231 454 1295 Deus,
476 1233 499 1288 si
526 1231 562 1288 ab
591 1247 622 1288 eo
650 1232 744 1302 ipsum
766 1231 910 1301 postulare

106 1328 263 1386 volumus?
284 1328 366 1386 Certe
393 1345 466 1398 nen;
487 1328 521 1386 de
549 1329 601 1386 hoc
628 1329 656 1386 te
684 1327 816 1396 certifico,
838 1327 910 1385 sicut

108 1442 241 1498 possum;
262 1427 347 1498 immo
369 1426 423 1484 hoc
449 1426 636 1484 libentissime
662 1425 714 1482 tibi
735 1426 823 1486 dabit.
844 1425 909 1483 Non

106 1524 176 1593 dico,
198 1523 272 1596 quod
293 1524 341 1582 det
362 1524 413 1581 tibi
436 1526 505 1596 pati,
527 1526 593 1596 quia
621 1524 673 1582 hoc
700 1541 756 1582 non
781 1523 910 1582 omnibus

106 1622 242 1690 concedit,
265 1622 314 1680 sed
335 1622 387 1679 tibi
408 1623 515 1680 tribuet
536 1622 610 1680 velle
631 1621 707 1694 pati;
729 1623 758 1679 et
782 1621 834 1680 hoc
858 1621 910 1678 tibi

107 1720 223 1789 sufficit,
244 1721 374 1793 quamvis
394 1722 495 1778 melius
517 1720 592 1777 esset
621 1720 650 1777 et
678 1720 750 1778 velle
777 1720 806 1776 et
833 1719 909 1791 pati;

107 1818 136 1876 et
156 1818 231 1877 torte
251 1819 338 1888 istud,
361 1820 385 1876 si
405 1820 508 1892 dignus
529 1819 626 1887 fueris,
648 1819 728 1877 debit
748 1819 809 1876 tibi.

187 1916 227 1972 nt
241 1917 266 1973 si
280 1917 364 1973 dicis:
386 1933 442 1974 non
458 1934 573 1989 possum
588 1917 702 1975 tanturn
724 1917 861 1984 laborare,
877 1915 910 1973 ut

107 2014 142 2071 ad
163 2013 277 2070 tantam
298 2015 480 2072 sanctitatem
501 2016 635 2082 uenirem,
656 2015 690 2072 nt
711 2015 801 2072 solum
820 2014 910 2070 Deum

106 2112 252 2186 diligerem
275 2112 304 2170 et
325 2130 368 2170 me
389 2130 474 2184 super
502 2115 596 2172 omnia
624 2095 810 2172 abhorrerem
825 2112 854 2169 et
874 2112 910 2169 ab

106 2211 172 2268 aliis
191 2211 355 2282 appeterem
375 2211 528 2282 vilipendi3
550 2227 602 2284 ego
623 2211 682 2268 dico
704 2209 766 2278 tibi,
782 2209 855 2282 quod
874 2209 910 2266 ad

106 2308 158 2367 hoc
180 2325 236 2366 non
259 2309 413 2380 requiritur
434 2309 487 2365 iste
502 2310 676 2366 extrinsecus
695 2308 775 2365 labor
789 2306 840 2364 aut
854 2315 910 2364 cor·

107 2407 185 2478 poris
207 2406 348 2477 valetudo,
373 2389 433 2462 sec
448 2406 542 2478 ponus
571 2405 702 2473 sensuro,
724 2405 849 2482 eorporis
865 2402 909 2478 (1)

105 2506 196 2576 quies,
217 2503 298 2562 labor
319 2504 410 2561 cordis
432 2504 460 2561 et
480 2505 559 2576 quies
580 2503 692 2562 mentia.
708 2503 773 2560 Non
796 2504 910 2576 requiri·

106 2603 165 2670 tur,
180 2602 250 2670 dico,
264 2602 373 2659 multus
390 2601 471 2660 labor
485 2603 668 2669 extrinsecus,
683 2603 749 2674 qrria
765 2617 814 2672 per
829 2601 910 2658 illum

106 2698 281 2756 distrahitur
300 2699 383 2758 homo
403 2700 537 2769 interior3
565 2699 646 2758 labor
674 2699 769 2758 tomen
795 2697 910 2771 pietatis

106 2835 268 2844 ...-..———-

172 2914 195 2973 l)
213 2913 238 2960 M
254 2915 398 2960 communis.

830 3009 844 3055 8
