2284 3484
238 218 294 275 168
377 234 519 277 osur1euu
540 234 677 277 rsurnnrs
696 234 751 275 euo
770 233 896 275 ornuoro.

237 336 394 348 -.-.-.,.-

235 424 440 495 quaestionum,
462 426 491 483 in
512 441 632 497 querum
659 425 740 482 nuile
766 424 824 482 tale
844 424 952 496 aliquid
971 439 1037 481 oon·

235 522 351 581 tinetur.
372 523 495 595 Impinm
523 523 567 581 est
595 525 668 581 enim
696 538 748 596 pro
773 521 932 581 defensione
960 539 1037 579 men-

235 620 306 677 dacii
327 621 425 679 sancto
446 621 589 692 imponere
609 620 774 689 falsitatem,
801 637 872 693 quae
898 620 933 677 de
953 620 1037 677 nulia

235 718 316 789 perte
347 719 485 792 evangelii
507 719 583 777 trahi
613 719 708 791 potest
737 720 823 775 otiam
843 719 1034 791 apparentem

235 831 404 889 quamquam
437 818 470 884 si,
501 817 575 890 qnod
605 818 689 884 absit,
716 816 832 875 sanetus
854 817 1035 890 Augustinus

236 915 314 985 penit
316 932 349 972 us
370 914 421 973 hoo
443 917 588 984 sensisset,
608 917 700 989 magis
721 916 789 974 tuno
798 915 944 985 standum
959 916 1036 973 esset

235 1013 384 1071 manifesto
405 1014 495 1071 textui
516 1015 545 1071 et
565 1014 630 1072 aliis
652 1014 780 1073 omnibus
801 1014 835 1072 de
854 1013 908 1072 hoo
921 1014 1036 1103 loquen-

235 1111 312 1169 tibus
333 1128 402 1183 peno
434 1113 596 1171 doctoribus
621 1114 730 1185 grueois
760 1112 790 1170 et
818 1113 916 1170 latinis
949 1129 1034 1185 qnam

235 1210 391 1267 sententiae
422 1213 611 1284 repugnanti3
633 1211 707 1270 sient
737 1229 787 1270 neo
807 1212 866 1269 eius
891 1212 1036 1268 senmntia

142 1337 145 1343 ,
234 1307 348 1366 tenetur
368 1308 401 1365 de
422 1309 508 1367 altori
528 1310 732 1383 thymiamatis,
759 1310 832 1384 qnod
862 1326 923 1367 esse
954 1310 1035 1381 ponit

233 1406 311 1463 intre
342 1406 434 1463 velum
467 1407 558 1465 saneti
589 1409 762 1477 sanctorum,
783 1411 817 1466 ut
842 1398 923 1482 patet
944 1406 1034 1465 Exodi

234 1504 379 1577 trigesimo
394 1503 450 1579 (1).

314 1602 372 1661 Neo
402 1604 462 1675 ipse
490 1604 563 1661 siout
593 1605 690 1664 dootor
720 1603 874 1662 catholicus
894 1604 948 1661 sibi
971 1604 1036 1661 vult

235 1703 263 1759 in
285 1701 391 1759 talibus
412 1702 567 1771 adhaereri,
582 1704 705 1762 dioens
697 1721 726 1761 m
747 1702 887 1774 Epistola
902 1701 943 1760 od
955 1703 1036 1760 For-

235 1803 321 1857 tunat
320 1818 370 1857 ono
386 1801 444 1876 (2):
479 1824 494 1852 α
508 1802 615 1875 Neque,
647 1804 748 1876 inquit,
776 1801 965 1875 quorumlibet
986 1818 1033 1859 ex·

236 1898 387 1970 positiones
408 1902 537 1972 quamvis
552 1900 752 1959 catholicorum
775 1900 853 1957 uelut
873 1899 1034 1973 scripturas

233 1996 380 2054 canonicas
400 1996 503 2055 habere
517 1997 659 2067 debemus,
674 1999 707 2056 nt
720 1998 800 2056 nobis
821 2014 877 2055 non
898 1996 982 2055 lioeet
1003 1998 1032 2054 in

232 2110 328 2151 eorum
350 2096 464 2167 scriptis
484 2096 590 2170 aliquid
605 2098 764 2169 improbare
785 2096 869 2169 atque
890 2112 1034 2167 respuere,

233 2193 256 2249 si
271 2192 344 2250 forte
357 2193 441 2252 aliter
456 2196 606 2263 senserint,
621 2212 706 2268 quam
720 2195 825 2253 veritas
845 2193 945 2264 habet;
964 2194 1034 2251 talis

233 2307 283 2362 ego
305 2308 367 2348 sum
387 2294 416 2349 in
438 2294 551 2365 scriptis
573 2295 701 2362 aliorum,
724 2293 796 2351 tales
821 2292 884 2351 volo
911 2308 973 2349 esse
993 2293 1034 2349 in·
1094 2309 1097 2316 ·

233 2388 392 2447 teileetoros
414 2408 538 2450 meorum
553 2415 582 2448 ».
603 2391 680 2449 Haeo
700 2391 880 2465 Augustinus
895 2390 951 2465 (3).

297 2574 319 2632 1]
337 2574 366 2622 V.
385 2576 423 2635 35,
441 2590 492 2623 oum
514 2578 593 2635 glossa
614 2578 747 2624 ordinaria
768 2577 793 2624 in
814 2578 876 2624 huno
896 2577 981 2634 lotum,
1004 2590 1035 2623 ex

235 2654 348 2714 August,
367 2657 411 2716 pq.
428 2657 456 2702 in
473 2658 595 2715 Exodum,
612 2671 636 2716 q.
656 2658 709 2705 136.

214 2720 219 2729 “
295 2736 318 2793 2)
338 2736 418 2783 Potius
435 2736 460 2784 in
477 2738 593 2796 Epistola
609 2739 642 2785 ad
657 2738 879 2796 Fortunationum,
896 2737 967 2797 epist.
987 2738 1034 2783 148

234 2813 305 2872 (elius
323 2817 377 2876 111)
395 2831 415 2864 o.
433 2819 489 2865 411.
509 2818 547 2865 34.

295 2894 319 2954 3)
337 2895 386 2944 Cir.
404 2898 504 2957 Bonos,
523 2900 540 2946 1.
558 2912 580 2946 o.
597 2913 622 2946 n.
640 2899 679 2946 23.
