2284 3484
237 224 278 282 84
502 240 643 282 munus
664 239 776 282 uenis.

236 432 310 488 oium
326 429 371 504 (1)
392 431 557 502 spirituale;
578 431 663 488 immo
694 431 815 502 primum
845 429 922 501 apud
946 428 1037 486 Deum

237 530 298 586 sine
318 529 439 586 secundo
458 545 515 587 uon
536 529 623 596 ualet,
638 528 789 586 seeundum
809 529 904 585 autem
920 528 959 584 sio
976 527 1038 584 sine

236 627 344 700 primo;
365 628 395 684 et
418 627 493 700 quod
521 627 666 686 multoties
687 629 735 685 uni
761 627 805 684 est
831 627 957 684 nocivum
986 625 1038 682 alii

236 724 358 797 perutile
378 726 442 782 erit.
456 725 504 791 Ilt,
518 726 594 782 siout
607 725 692 782 facies
705 725 848 782 bominum
867 723 934 781 sunt
947 723 1037 780 diver-

236 840 293 891 sae,
314 824 355 880 sio
374 825 404 880 et
434 823 508 882 modi
528 823 641 881 vivendi
661 824 691 880 et
718 825 747 880 in
768 823 840 880 bono
865 821 1037 894 proficiendi.

235 921 275 978 Et
290 922 360 990 ideo,
374 922 487 994 quando
507 922 537 979 to
556 922 636 980 vides
650 921 839 979 laudabilibus
852 919 961 994 fulgere
974 935 1037 991 ope·

234 1020 323 1088 ribus,
349 1021 421 1078 alios
448 1020 526 1077 vides
552 1021 627 1078 eirca
653 1021 704 1078 illa
733 1020 829 1078 eadem
850 1017 1036 1092 negligentes

235 1118 359 1191 cogitare
379 1118 471 1184 debes,
486 1119 561 1190 quod
582 1120 626 1176 vel
641 1120 669 1176 in
688 1118 796 1176 ooeulto
816 1117 861 1176 vel
883 1117 982 1174 saltam
1005 1117 1035 1173 in

234 1214 326 1273 cordis
346 1215 473 1274 thalamo
492 1215 625 1274 laborent
643 1217 717 1274 eirea
737 1231 823 1289 opera
842 1213 972 1272 delicata.
986 1213 1034 1281 Et,

234 1314 301 1386 quia
315 1313 391 1371 Deus
411 1314 477 1372 illos
498 1315 616 1387 propter
630 1313 721 1374 cordis
735 1312 915 1372 sanctitatem
931 1314 1036 1385 specia-

233 1411 300 1468 liter
320 1410 423 1484 diligit,
437 1411 558 1470 iortasse
579 1429 634 1471 non
655 1411 767 1470 curavit
786 1428 833 1470 eos
850 1409 1035 1471 exterioribus

233 1507 379 1566 laboribus
398 1525 566 1582 aggravare,
588 1511 622 1568 ut
652 1527 686 1568 ne
714 1510 774 1566 tem
800 1509 921 1566 interius
947 1524 1032 1581 quam

233 1607 356 1665 exterius
375 1608 539 1666 laborantes
560 1608 702 1667 sustinere
722 1623 779 1666 non
800 1608 925 1680 possent.

314 1705 406 1763 Debes
417 1723 484 1779 ergo
494 1705 530 1763 ad
544 1705 630 1784 istam
644 1705 829 1764 tentationem
844 1703 1034 1776 repellendam

236 1805 327 1876 primo
348 1805 377 1861 in
397 1804 480 1862 eorde
500 1805 550 1862 tuo
570 1804 704 1876 cogitare,
726 1803 800 1878 quod
829 1819 885 1862 non
905 1803 949 1860 est
969 1817 1037 1860 oon-

234 1901 361 1973 suetudo,
382 1902 456 1974 quod
476 1902 528 1960 filii
549 1919 647 1974 regum
668 1902 791 1976 quotidie
810 1901 846 1960 ad
867 1899 1034 1958 lucrandum

234 2015 336 2071 panem
357 2015 440 2057 suum
465 2000 644 2058 manualibus
675 1999 806 2073 operibus
837 2015 866 2056 se
893 1998 1034 2071 affligant,

233 2096 282 2153 sed
302 2097 336 2154 ut
355 2097 473 2156 delicato
494 2098 523 2156 et
543 2100 604 2156 sine
617 2098 713 2157 labore
728 2113 829 2170 magno
843 2096 876 2154 de
890 2095 1035 2169 regalibus

233 2193 341 2251 divitiis
355 2194 531 2252 nutriantur.
545 2195 621 2252 Nam
642 2195 682 2254 sio
702 2196 747 2253 est
760 2194 795 2252 ad
809 2194 945 2260 litteram,
960 2193 1034 2266 quod

232 2291 374 2363 oportebit
394 2292 540 2350 multoties
560 2310 647 2350 unum
668 2292 787 2352 fratrem
811 2291 847 2349 ad
866 2291 1034 2350 habendam

232 2406 317 2448 unam
332 2389 506 2448 devotionem
528 2391 580 2448 aut
601 2392 724 2464 aliquam
745 2391 905 2449 interiorem
920 2390 1035 2448 ordina-

231 2485 335 2545 tionem
358 2488 480 2545 multum
499 2489 638 2558 laborare,
653 2490 682 2546 et
695 2488 766 2546 illud
784 2488 855 2546 idem
871 2487 916 2546 vol
932 2488 1034 2545 melius

231 2583 347 2642 habebit
364 2586 437 2642 alius
451 2587 480 2643 in
495 2587 555 2644 sola
569 2586 672 2644 mentis
686 2588 865 2646 conversione
880 2587 916 2644 ad
931 2585 1033 2644 Deum.

311 2682 435 2741 &eundo
456 2684 580 2757 cogitare
601 2683 693 2754 debes,
710 2685 784 2759 quod
804 2684 885 2753 illud,
899 2683 973 2756 quod
988 2683 1034 2740 la-

297 2894 320 2954 1)
338 2895 363 2940 u
379 2875 530 2952 omanorum.
