2284 3484
419 302 510 347 orror
531 303 590 348 xor.
865 285 902 346 87

102 511 165 553 cum
193 496 312 554 dixisset
339 497 428 554 enim:
456 495 539 568 Volo,
566 513 664 554 omues
694 496 820 554 homines
845 513 904 555 esee

101 594 179 652 sieut
204 610 249 651 me
275 595 380 667 ipsum,
403 579 515 652 subire:
538 593 596 652 Sed
621 595 820 666 unusquisque
835 611 903 666 pro-

95 693 202 763 prium
222 694 331 751 douum
352 692 438 750 habel
462 709 498 750 eu
517 693 591 765 Dee,
612 693 692 752 ultus
713 692 828 764 quidem
851 695 902 766 sie,

102 789 183 847 alius
203 806 270 848 ecre
290 791 351 861 sic‚·
363 791 393 849 et
413 807 448 848 ex
461 791 526 848 aliie
539 791 659 848 diversis
679 791 749 849 locis
769 790 842 849 hanc
856 807 904 848 ve-

101 888 219 946 ritatem
239 888 342 947 hebere
364 888 453 961 potes.
482 889 509 946 Si
534 905 601 962 ergo
630 888 671 946 ita
694 889 746 958 est,
768 889 904 962 quomodo

100 1002 160 1044 non
179 985 265 1044 aliter
286 987 473 1059 spiritualiter
494 987 572 1045 vivet
597 987 626 1044 et
655 987 758 1045 serviet
785 987 904 1046 Domino

100 1101 154 1142 suo
175 1084 230 1142 iste
250 1101 332 1157 quem
356 1086 408 1166 tu?
429 1086 524 1157 Aliqui
555 1086 628 1142 enim
657 1085 693 1142 ad
721 1087 813 1157 ipsum
842 1086 904 1144 ten-

100 1183 176 1240 dunt
197 1199 247 1254 per
268 1182 399 1256 quictem,
420 1183 507 1256 aliqui
529 1199 595 1242 vero
623 1200 673 1255 per
700 1184 834 1253 laborem,
855 1183 904 1242 alii

100 1282 152 1349 eie,
167 1280 216 1339 alii
238 1297 304 1340 vero
324 1283 373 1349 sic,
394 1282 424 1339 et
444 1282 590 1340 multoties
611 1282 656 1340 est
676 1283 773 1341 melier
793 1283 842 1355 qui
863 1283 905 1339 vi-

99 1380 157 1437 lior
172 1380 332 1452 reputatur.
354 1381 418 1439 Non
440 1396 507 1453 ergo
527 1380 649 1454 aliquem
671 1380 904 1454 imperfectiorem

100 1480 131 1537 te
153 1478 267 1547 iudices,
288 1480 312 1536 ei
333 1496 388 1537 non
409 1479 477 1537 facit
498 1481 601 1548 omnia,
622 1496 693 1552 quae
713 1480 746 1537 tu
767 1479 845 1538 facie.

185 1576 255 1634 Cum
275 1577 359 1635 etiam
392 1577 478 1646 vides,
500 1577 618 1636 fratrem
650 1577 730 1636 tuum
758 1595 821 1637 cum
849 1579 905 1636 alio

100 1676 162 1732 eive
194 1691 258 1732 cum
289 1676 353 1732 aliis
383 1677 559 1743 commorari,
580 1677 609 1734 et
639 1676 671 1734 tu
692 1677 837 1735 soliterius
865 1693 903 1745 es,

100 1773 172 1831 tunc
192 1773 317 1845 cogitare
337 1773 430 1842 debes,
451 1774 524 1846 quod
545 1775 593 1832 ille
609 1755 757 1848 *perfectus
781 1776 810 1832 iu
837 1777 906 1833 cari·

99 1873 162 1930 late
176 1872 231 1946 est,
245 1872 279 1930 ut
292 1874 410 1946 propter
426 1890 558 1946 magnam
573 1873 748 1932 dilectionem
764 1873 814 1932 Dei
829 1873 905 1933 Deus

100 1971 205 2044 ubique
226 1969 266 2028 sit
285 1987 348 2028 cum
377 1987 417 2039 eo,
440 1973 498 2029 sive
519 1972 558 2028 eit
585 1989 648 2030 cum
676 1972 824 2040 fratribus,
846 1973 905 2030 sive

100 2070 141 2128 sit
162 2069 251 2128 solus.
264 2068 312 2138 ut,
326 2070 393 2143 quia
406 2070 439 2127 tu
459 2071 487 2127 in
504 2070 650 2129 dilectione
671 2070 904 2143 comperfectum

99 2169 149 2226 vix
170 2166 253 2240 potes
272 2169 302 2224 te
322 2167 358 2224 ed
373 2170 529 2239 proximum
543 2169 716 2241 convertere,
736 2170 804 2241 quin
819 2166 907 2227 olien-

101 2266 171 2335 das3
194 2266 242 2322 vix
255 2265 350 2323 autem
364 2266 415 2323 eut
429 2282 573 2338 nunquam
588 2266 624 2324 ad
639 2266 727 2324 Deum
742 2266 810 2324 bene
825 2265 905 2338 potes

100 2364 129 2422 te
144 2364 318 2433 convertere,
339 2365 407 2436 quin
430 2365 457 2421 te
478 2363 609 2437 oporteat
629 2381 646 2421 a
668 2365 792 2437 proximo
811 2380 905 2436 seque-

3 2446 4 2467 *
101 2462 200 2522 etrari.
212 2462 266 2520 Sed
276 2462 327 2520 hoc
338 2462 413 2520 certe
424 2462 642 2534 imperfectionis
653 2461 710 2532 est3
722 2479 788 2520 uem
800 2463 904 2534 angeli,

100 2563 149 2634 qui
171 2560 288 2618 suntin
310 2559 431 2617 caritate
452 2560 579 2632 perfecti,
601 2561 642 2618 ita
663 2560 732 2618 bene
757 2560 905 2618 moventur

100 2660 132 2715 in
147 2658 248 2725 Deum,
263 2674 325 2715 cum
348 2644 416 2714 suut
435 2658 581 2716 nobiscum
601 2658 653 2716 aut
673 2673 734 2716 cum
755 2658 836 2716 nobie
857 2659 906 2716 mi-

102 2757 241 2824 nistrant,
252 2756 326 2814 sicut
338 2773 401 2814 cum
417 2756 485 2813 suut
498 2757 527 2813 in
541 2772 681 2830 empyreo.
692 2757 753 2815 Hoc
766 2772 822 2815 nou
834 2755 904 2825 dico,

103 2856 170 2926 quia
191 2853 304 2912 credam
324 2856 364 2911 sic
386 2853 515 2912 totaliter
535 2854 596 2911 fieri
615 2871 696 2926 posse
717 2856 746 2912 in
768 2856 823 2923 via,
838 2854 904 2912 dum

102 2953 227 3013 viatores
241 2969 349 3022 eumue,
361 2953 409 3010 sed
419 2952 582 3026 aliqualiter
593 2970 743 3026 possumus
756 2969 803 3012 eos
818 2954 905 3026 sequi.
979 2963 984 2974 '
