2284 3484
209 344 1018 422 mereeeeeezeeeeeeeeee

211 1188 289 1264 Quod
302 1189 381 1249 homo
402 1189 432 1248 in
452 1188 529 1249 brevi
542 1197 665 1267 tempore
683 1195 847 1267 potestesse
861 1187 1014 1268 perfectus.

290 1405 464 1478 Quicumque
483 1405 547 1463 vult
568 1422 618 1477 per
639 1403 903 1478 contemplationem
918 1405 1016 1462 venire

209 1501 245 1558 ed
267 1503 460 1560 summitatem
491 1504 596 1561 montis
617 1503 677 1570 Dei,
699 1502 751 1560 hoc
777 1501 918 1569 attendat,
939 1501 1015 1573 quod

210 1616 320 1671 semper
336 1616 385 1671 per
406 1600 509 1658 mentis
531 1601 716 1658 elevationem
736 1599 870 1657 ascendat
891 1599 919 1656 et
940 1615 1016 1655 uun-

209 1714 294 1770 quam
309 1699 444 1770 quiescat,
459 1699 525 1755 dum
543 1699 653 1771 vigilat.
669 1698 745 1755 Nem
765 1701 792 1755 in
815 1698 870 1756 isto
884 1705 1014 1765 ascensu,

208 1811 264 1853 uon
286 1797 427 1868 quiescere
452 1796 497 1853 est
517 1797 657 1869 quiescere
672 1794 728 1870 (1),
749 1797 778 1854 et
798 1797 846 1868 qui
871 1796 1015 1867 quiescere

207 1893 272 1950 vult
293 1893 441 1966 fatigatur,
463 1911 514 1952 nec
536 1893 634 1966 postea
655 1895 694 1952 sic
716 1893 784 1951 bene
807 1893 901 1966 potest
918 1909 1015 1950 aseen-

209 1990 283 2059 dere,
305 1992 389 2049 immo
410 1992 550 2064 contingit
571 1993 644 2050 forte
665 1992 825 2065 aliquando,
845 1991 926 2065 qued,
948 2007 1015 2048 cum

208 2089 350 2159 quiescere
371 2089 444 2158 vuit,
465 2091 495 2147 in
518 2090 631 2147 tantum
659 2090 807 2162 fatigatur,
828 2088 1016 2162 ntemplius

209 2185 391 2245 nullomodo
422 2189 571 2246 ascendere
604 2189 719 2261 possit..
733 2189 768 2246 In
799 2204 916 2246 ascensu
937 2187 1015 2244 enim

208 2283 314 2339 montis
335 2285 501 2354 materialis
516 2288 583 2358 quia
603 2302 668 2344 caro
689 2285 801 2343 infirma
822 2285 874 2354 est,
890 2285 1015 2358 quietem

208 2380 403 2451 interpolatim
425 2384 560 2454 requirit3
588 2383 636 2440 sed
663 2383 692 2439 in
718 2399 836 2440 ascensu
858 2381 1014 2453 spirituali,

208 2477 274 2547 quia
295 2478 419 2548 spiritus
433 2483 593 2550 promptus
606 2483 648 2536 est
660 2480 714 2552 (2),
729 2477 902 2536 contrarium
924 2480 1015 2551 requi-

209 2573 292 2642 ritur,
313 2577 346 2631 ut
368 2576 474 2633 scilicet
488 2593 543 2633 non
558 2577 692 2649 quiescat,
709 2577 766 2645 scd,
781 2576 847 2633 dum
862 2576 1013 2650 fatigetur,

275 2802 297 2860 1)
315 2802 333 2847 L
350 2817 399 2849 nen
417 2808 453 2850 eet
469 2805 601 2863 quiescere.

271 2881 296 2938 2)
314 2881 404 2928 Matth.
421 2883 461 2941 26,
478 2883 518 2930 41.
