2284 3484
400 291 489 333 aaron
510 292 580 334 xvrr.
855 276 892 333 97

87 483 149 554 ipse
164 482 254 554 pet't3
276 499 342 540 nam
363 482 471 541 intrare
484 483 634 552 desiderat,
649 484 678 542 et
691 484 740 542 diu
754 484 806 553 est,
822 484 895 556 quod

89 581 227 652 pulsarit.
249 580 344 649 Doleo,
365 581 438 653 quod
462 582 575 639 tantum
597 583 675 640 carui
703 582 785 640 tanto
813 582 895 640 bono.

89 678 142 736 Dio
163 694 230 750 ergo
250 679 290 735 ei:
312 678 383 745 Seio,
405 678 478 751 quod
491 679 565 751 -plus
593 696 677 751 quam
706 695 758 752 ego
786 695 829 736 mo
857 678 895 736 di-

89 777 173 849 ligis;
194 776 229 834 de
250 793 293 834 mo
313 793 381 849 ergo
412 779 535 849 amplius
563 794 618 836 nou
647 777 760 846 ourabo,
782 777 830 835 sed
851 793 897 835 so·

88 876 151 932 lum
171 874 231 932 tuis
253 874 359 932 deliciis
379 874 539 944 inhaerebo,
555 875 584 933 et
604 876 636 933 tu
658 877 711 934 mei
730 892 827 934 euram
848 875 896 933 ha-

89 972 166 1031 beto.
186 972 251 1030 Non
279 974 352 1030 enim
385 987 499 1044 possum
519 973 665 1032 intendere
691 973 760 1030 mihi
785 973 813 1031 et
833 973 895 1031 tibi.

88 1069 129 1127 Et
148 1069 210 1128 ideo
231 1070 415 1142 permutatim
436 1070 469 1127 tu
489 1070 603 1129 intende
624 1087 701 1128 meae
725 1071 896 1140 infirmitati,

88 1168 123 1225 ut
143 1169 236 1240 ipsam
258 1167 404 1238 sublevem
425 1168 454 1226 et
484 1185 535 1240 ego
562 1168 709 1226 intendam
734 1168 800 1226 tuoe
820 1169 897 1227 boni·

25 1339 30 1346 .
88 1259 155 1334 tati,
175 1265 210 1322 ut
230 1267 259 1322 in
281 1267 345 1338 ipsa
365 1265 495 1324 delecter.
516 1266 563 1333 nt,
582 1267 712 1338 quamvis
732 1282 782 1339 ego
804 1266 895 1324 tecum

88 1364 183 1422 lucrer
204 1365 288 1421 nimis
308 1364 337 1422 et
357 1365 390 1422 tu
412 1358 517 1422 meeum
535 1363 616 1432 nihil,
633 1366 689 1423 seio
702 1364 807 1433 tamen,
822 1365 896 1437 quod

88 1461 226 1520 libentius
246 1479 353 1520 meeum
375 1464 448 1521 eset
470 1481 513 1521 me
526 1480 678 1521 conservas
692 1463 721 1521 et
739 1480 895 1535 promeres,

89 1579 173 1634 qnam
196 1577 248 1634 ego
261 1561 354 1619 tecum
369 1562 420 1620 tua
434 1562 564 1634 perfruar
579 1562 715 1621 bonitate.
730 1562 809 1620 Unde
823 1562 896 1621 hoo?

90 1659 183 1727 Certe,
205 1659 239 1716 ut
259 1659 347 1728 rideo,
367 1676 418 1733 ego
440 1677 482 1717 me
503 1661 574 1728 odio,
596 1661 625 1718 et
645 1660 678 1718 tu
700 1677 744 1718 me
765 1660 869 1733 diligis.

170 1757 200 1814 Si
230 1757 334 1826 autem,
367 1757 494 1826 Domino,
529 1759 630 1816 rellem
661 1759 817 1816 discurrere
846 1775 896 1830 per

89 1857 185 1915 omnia
206 1854 363 1913 dilectionis
383 1855 449 1914 tuae
470 1857 561 1928 signa,
584 1842 824 1928 deficerem,'quia
845 1872 895 1914 nec

89 1953 164 2012 bona
190 1953 310 2011 naturae
337 1970 388 2010 nee
408 1953 482 2011 bona
502 1953 633 2012 fortunae
664 1970 715 2011 nee
735 1953 809 2012 bona
833 1971 896 2027 gra·

90 2051 148 2109 tiae
179 2067 231 2108 nee
260 2050 334 2108 bona
353 2051 471 2124 gloriae,
491 2053 518 2110 si
546 2052 697 2108 hominum
725 2054 752 2108 et
778 2050 896 2125 oopelo-

90 2167 159 2207 ram
173 2148 286 2222 lioperto
301 2149 434 2221 loquerer
450 2149 505 2224 (1),
527 2152 682 2222 exprimere
704 2150 836 2208 ualerem.
857 2149 896 2207 Fit

90 2247 161 2315 ideo,
182 2247 228 2304 his
249 2247 354 2317 tacitis,
376 2249 406 2305 in
427 2248 507 2305 tuum
528 2248 642 2316 Filium,
665 2248 751 2306 Pater
772 2248 895 2316 aeterne,

88 2345 301 2418 aliquantulum
322 2346 477 2417 respirabo.
498 2345 612 2414 Quanta
636 2345 691 2404 fuit
711 2363 779 2418 erga
810 2345 896 2404 homi·

90 2460 155 2500 nem
177 2442 229 2500 tua
248 2441 369 2511 dileetio,
395 2442 471 2500 Deus
499 2461 587 2510 mous,
615 2445 663 2516 qui
691 2461 752 2502 eum
782 2444 894 2501 tentum

4 2582 5 2585 ,
90 2540 225 2609 dilexisti,
239 2540 272 2597 ut
293 2541 389 2609 velles,
403 2541 544 2599 hominem
565 2559 626 2600 esse
648 2542 746 2609 Deum,
762 2541 791 2599 et
806 2542 895 2599 Deum

91 2638 233 2696 hominem
253 2639 416 2710 appellari?
436 2637 509 2706 oure
529 2641 603 2696 enim
628 2639 681 2697 sibi
709 2641 832 2711 amplius
853 2639 896 2697 fa·

91 2753 153 2794 oere
175 2736 304 2808 potuisti,
324 2754 408 2809 quam
429 2737 502 2809 quod
523 2737 576 2794 tibi
590 2755 651 2796 eum
668 2737 895 2809 inseparabiliter

158 2948 180 3007 l)
197 2948 208 2994 I
225 2946 278 2995 Cor.
298 2947 336 3006 13,
356 2949 377 2994 1.

818 3045 832 3092 'l
