2284 3484
238 262 382 305 aduersum
404 263 541 306 PAUPERIS
562 264 615 306 Puo
635 265 763 307 nluuouo.
846 248 903 307 165

102 452 140 509 ad
161 454 274 526 tempus
296 456 412 526 pecunia
433 456 598 524 toculorum,
617 456 702 513 donee
717 456 810 528 sopita
831 458 906 514 esset

73 597 76 603 .
105 544 308 623 persecutionis
329 552 431 622 rabies,
450 553 555 626 legitur
576 554 763 626 dispensasse,
785 556 819 613 ut
838 555 906 612 dieit

102 648 142 706 ibi
166 650 263 723 glossa
279 648 341 724 (1);
372 650 405 708 de
435 651 632 711 calceamentis
660 654 755 709 autern
784 653 906 710 ferendis

103 764 154 804 neo
175 747 213 804 ibi
235 764 285 805 neo
306 748 372 805 alibi
395 748 578 820 dispensavit.

185 845 226 902 De
247 862 278 903 eo
291 845 396 915 autem,
411 847 484 918 quod
498 848 595 905 dixisti
609 848 641 905 de
657 849 741 906 verbo
754 848 904 920 Baptistae

105 943 184 1001 iuxta
195 944 331 1012 litteram,
344 945 411 1002 dioit
422 945 556 1014 Rabanus
566 946 610 1020 (2)
623 964 707 1017 super
718 946 905 1015 Matthaeum,

104 1042 178 1113 quod
204 1042 303 1099 «nihii
335 1043 457 1099 intendit
488 1044 619 1112 Ioannes,
640 1061 703 1101 oum
734 1044 768 1100 de
798 1045 904 1101 calcea-

104 1138 208 1195 mentis
231 1139 341 1197 Domini
356 1140 435 1209 dixit,
457 1142 511 1197 nisi
526 1141 718 1198 excellentiam
733 1142 792 1198 eius
809 1142 839 1198 et
852 1141 907 1197 hu-

105 1236 257 1293 militatem
272 1260 300 1292 ».
327 1260 340 1287 «
355 1237 419 1295 Non
441 1254 508 1310 orgo
528 1238 651 1309 perhoo
673 1238 796 1309 ponitur,
812 1240 904 1309 ipsum

101 1330 237 1392 habuisse
251 1334 449 1403 calceamenta,
464 1335 512 1392 sod
527 1335 647 1409 quedam
667 1336 849 1394 collocutione
864 1352 904 1392 se·

102 1432 226 1489 eundum
238 1431 368 1505 figuram,
383 1450 454 1505 quae
469 1435 627 1507 synaeresis
640 1434 742 1491 dieitur
756 1434 811 1507 (3),
827 1434 904 1491 chri-

103 1530 142 1587 sti
163 1532 192 1587 in
206 1530 259 1589 hoo
272 1533 436 1590 excellentia
450 1532 620 1590 declaratur.
635 1533 801 1605 Vulgariter
820 1533 905 1590 otiam

103 1629 176 1686 talia
189 1630 243 1687 diei
257 1630 358 1688 solent.
374 1630 486 1689 Dictum
501 1631 618 1688 verbum
631 1630 748 1689 Ioannis
768 1648 786 1687 a
800 1631 906 1689 sanetis

102 1728 289 1786 communiter
308 1728 425 1802 mystice
446 1728 596 1801 exponitur
607 1729 692 1803 (4)»‚
721 1730 787 1802 quia
811 1729 907 1787 huma-

102 1825 182 1883 nitas
203 1827 331 1885 assumta
362 1828 552 1885 calceamento
583 1827 759 1900 designatur,
780 1827 853 1899 quod
873 1828 907 1884 ire

102 1922 278 1981 Idumaeam
298 1924 403 1997 legitur
422 1926 483 1996 ipse
504 1924 641 1983 Dominus
655 1924 814 1982 extendisse
825 1924 880 1998 (5).

190 2044 204 2072 e
218 2022 318 2079 Adhuc
340 2039 486 2094 ponamus,
501 2021 574 2095 quod
590 2022 721 2079 Christus
741 2024 770 2078 in
786 2022 907 2093 pueritie

103 2119 150 2177 vel
176 2119 243 2176 ante
263 2120 439 2193 trigesimum
460 2138 576 2187 annum,
597 2137 651 2192 quo
673 2120 834 2192 baptizatus
854 2120 906 2187 est,

102 2216 294 2274 calceamenta
308 2216 448 2286 habuerit,
462 2234 517 2276 non
540 2218 634 2276 tamen
656 2236 689 2275 ea
702 2218 810 2285 habuit,
832 2216 907 2289 post-

105 2360 266 2369 *n—

170 2438 192 2496 1]
213 2438 351 2485 Ordinorio
367 2453 396 2485 ex
412 2440 484 2497 Beda,
502 2440 520 2485 l.
538 2439 569 2485 vl
586 2440 613 2484 in
630 2438 689 2485 Luc.
707 2439 747 2496 22,
767 2439 796 2485 35
813 2451 848 2494 sq.
867 2492 869 2496 ,

169 2519 194 2578 2)
212 2519 222 2565 I
242 2519 373 2567 Commeat.
391 2521 418 2564 in
436 2520 539 2575 Mattio„
557 2520 580 2577 3,
601 2520 637 2565 ll.

169 2600 192 2659 3)
210 2601 243 2647 As
264 2599 347 2647 addit:
374 2599 537 2656 «synaeresis
558 2601 670 2657 quaedam
695 2600 769 2656 figura
790 2601 836 2657 est,
861 2612 906 2655 qua

104 2680 196 2737 aliquid
213 2680 301 2727 dieitur
312 2680 481 2738 conditionate,
493 2679 594 2737 seilicet,
606 2681 698 2737 quando
709 2679 797 2736 aliquid
808 2678 907 2738 dieitur,

104 2775 133 2807 ac
150 2760 172 2807 si
188 2762 324 2820 poneretur,
342 2761 402 2818 quod
418 2774 464 2807 non
481 2760 610 2818 ponitur».

170 2840 196 2898 4)
214 2841 252 2887 Ita
269 2842 370 2898 Bouav.,
388 2840 482 2899 Expoo.
500 2854 556 2898 sup.
575 2840 655 2898 repul.
669 2840 698 2885 F.
711 2840 757 2898 M,
768 2854 789 2885 o.
803 2839 817 2885 2
829 2854 853 2886 n.
865 2839 905 2885 22.

168 2922 193 2981 5)
212 2922 251 2967 Pe.
272 2922 326 2979 107,
345 2921 382 2967 10.
