2284 3484
220 220 279 278 128
485 237 627 277 sumptus
647 235 760 276 aucune.

220 428 374 484 ascendere
394 426 597 484 odewalone
623 442 688 481 cum
714 423 899 494 festinatione
913 422 968 497 (1).
992 424 1022 480 si

219 526 283 595 quis
302 524 355 581 hoc
375 541 475 596 capere
495 541 552 581 non
571 523 674 594 potest,
689 521 738 579 sed
752 522 815 578 vult
834 521 973 594 quiescere
993 521 1023 578 et

219 623 313 678 tanuen
329 639 477 679 ascensum
497 623 526 678 in
547 621 683 678 desiderio
698 619 791 686 habet,
806 619 858 678 hoc
872 619 964 676 restat
977 637 1023 676 re-

219 720 350 784 medium,
364 721 495 792 quamvis
515 736 571 776 non
587 719 682 776 valeat
695 718 751 786 his,
766 735 836 790 quae
850 717 925 774 dicta
942 720 1021 784 sunt,

217 817 379 890 adaequari,
394 819 501 874 scilicet
515 818 548 873 ut
561 817 663 874 saltem
679 817 790 874 modum
809 815 1021 874 ascendentium

217 915 404 972 materialiter
428 931 484 974 non
504 915 634 983 deserat3
662 931 728 971 nam
756 915 803 985 qui
835 913 1022 970 materialiter

219 1015 342 1070 montem
363 1014 522 1070 ascendunt
542 1014 571 1069 et
592 1014 620 1068 in
642 1012 731 1070 medio
752 1012 865 1084 fatigati
880 1012 1021 1084 quiescere

218 1111 328 1175 volunt,
350 1127 406 1168 non
427 1109 602 1167 descendunt
622 1110 658 1166 ad
678 1109 875 1182 quiescendum
892 1111 921 1166 in
934 1109 1020 1176 valle,

217 1209 284 1279 quia
305 1209 345 1264 sic
364 1207 401 1264 ad
422 1208 615 1264 summitatem
637 1223 780 1280 nunquam
796 1208 940 1279 pervenire
955 1223 1022 1278 pos-

218 1306 283 1361 sent
304 1305 333 1361 et
353 1306 516 1362 stultissimi
538 1305 741 1378 reputarentur
761 1305 797 1362 ab
817 1303 955 1362 omnibus.

298 1403 342 1461 Sic
364 1405 432 1459 sunt
452 1403 488 1460 ab
502 1404 633 1462 omnibus
647 1404 730 1460 stulti
745 1402 894 1474 reputandi
907 1403 936 1459 et
950 1419 1022 1459 nun·

218 1517 302 1571 quam
317 1501 352 1557 ad
366 1518 497 1558 cacumen
519 1502 767 1574 contemplationis
788 1500 956 1572 perveniunt
972 1502 1022 1572 qui

217 1597 298 1655 hodie
320 1615 369 1669 per
390 1600 658 1670 contemplationem
681 1599 816 1656 modicum
833 1599 877 1655 vel
898 1599 1020 1654 multum

217 1697 374 1753 ascendunt
394 1699 423 1753 et
444 1697 536 1754 affecti
559 1698 650 1756 taedio
671 1699 706 1754 ad
726 1699 827 1765 locum,
849 1696 922 1754 unde
938 1713 1022 1754 vene-

217 1794 293 1861 rant,
316 1796 375 1852 sive
396 1796 432 1851 ad
461 1797 579 1862 statum,
602 1796 675 1874 unde
696 1796 879 1863 recesserant,
901 1794 1022 1852 redeunt

217 1892 252 1947 ad
273 1892 481 1963 qrriescendum,
496 1895 525 1950 et
543 1896 572 1950 in
596 1895 770 1966 peccatorum
787 1895 844 1951 sive
859 1893 1018 1951 vanitatum

218 1990 340 2046 uallibus
362 1991 421 2047 sive
445 1992 664 2062 imperfectionis
693 1993 809 2064 planitie
837 1991 955 2048 credunt
982 1991 1020 2048 ad

216 2087 422 2144 ascendendum
442 2089 513 2145 effici
535 2089 675 2156 fortiores
691 2089 863 2162 ignorantes,
878 2089 951 2160 quod
973 2090 1020 2145 vix

217 2183 352 2254 poterunt
380 2185 415 2241 ad
443 2185 535 2242 locum
567 2189 626 2243 sivo
657 2187 774 2254 statum,
795 2203 850 2258 quo
871 2185 1019 2254 venerant,

217 2282 372 2352 pervenire.
394 2281 433 2337 Et
457 2283 514 2339 ista
540 2283 696 2350 est'ratio,
717 2283 791 2340 sicut
818 2283 907 2351 credo,
931 2300 1019 2356 quare

216 2377 296 2432 hodie
318 2379 357 2434 sic
379 2380 461 2450 pauci
481 2381 695 2452 contemplativi
719 2382 868 2454 attingunt
893 2383 1019 2453 superci-

215 2474 255 2530 lia
275 2477 389 2531 moritis.
405 2476 484 2533 Unde
499 2479 521 2533 si
541 2477 624 2534 homo
644 2479 807 2536 ascenderet
827 2479 916 2548 hodie,
932 2496 1018 2551 quau·

216 2572 276 2627 tum
299 2573 402 2643 posset,
425 2575 454 2630 et
474 2575 511 2631 ibi
527 2576 691 2646 quiesceret,
706 2593 762 2635 non
777 2576 955 2635 retrocedens
969 2578 1019 2634 ali·

216 2686 270 2739 quo
291 2671 380 2731 modo,
402 2671 431 2726 et
452 2689 515 2728 cras
537 2673 696 2731 elevaretur
717 2677 804 2732 altius
826 2675 855 2732 et
876 2675 913 2733 ibi
932 2677 1015 2733 etiam

279 2880 301 2940 ι)
320 2880 375 2929 me.
396 2880 416 2938 1,
436 2881 475 2928 ao.
