2284 3484
253 246 271 301 2
518 263 659 316 sumuuus
679 264 793 305 amonis.

252 467 296 508 me
316 451 433 524 indigno
448 469 528 510 servo
549 452 751 524 aooeptabilius
774 453 911 524 requiras,
931 453 1058 525 qualiter

253 547 335 608 tauto
356 549 475 609 Domino
496 550 581 623 digne
601 551 710 608 valeam
732 550 874 608 famulari.

342 647 388 706 Ad
420 645 501 706 tuum
534 649 624 722 igitur
654 649 787 708 honorem
818 647 941 716 erectus,
971 649 1057 706 amici

253 762 333 818 preoe
364 746 508 815 inductus,
542 748 601 806 zelo
630 748 743 806 interno
774 747 900 816 coaetus,
931 746 1058 818 qualiter

252 847 369 918 quisque
390 845 419 904 te
439 845 562 905 studiose
584 863 717 919 quaerere
738 844 846 914 debeat,
868 845 990 918 qualiter
1010 846 1058 902 in·

252 944 348 1000 venire
368 943 473 1012 valeat,
494 925 617 1016 dualiter
635 945 721 1001 etiam
747 943 784 1001 ad
810 943 839 1000 te
867 942 958 1016 possit
977 959 1058 1000 acoe·

252 1041 317 1100 dere
331 1042 360 1098 et
380 1041 489 1100 strietis
504 1043 600 1099 tenere
619 1041 803 1114 amplexibus,
818 1039 986 1114 quibusdam
1001 1057 1057 1098 me-

251 1139 438 1198 ditationibus
461 1141 624 1213 aliqualiter
645 1140 787 1198 deolarare
808 1155 1003 1212 praesumam
1025 1140 1056 1196 in

251 1237 363 1311 quibus,
378 1237 431 1296 etsi
446 1238 573 1296 diversae
586 1238 706 1296 chordae
720 1238 889 1310 tanguntur,
909 1237 946 1294 ed
965 1253 1055 1295 unum

252 1336 382 1394 redactae
404 1338 483 1408 puris
500 1336 619 1394 auribus
632 1353 717 1394 unam
734 1317 883 1408 perficiunt
896 1335 1055 1394 melodiam.
1129 1394 1130 1399 ,

252 1433 388 1504 Quamuis
409 1436 483 1492 euim
504 1434 631 1492 diverses
656 1435 686 1491 et
702 1434 850 1506 plurimae
869 1432 1004 1490 materiae
1024 1434 1056 1490 in
1129 1456 1130 1499 i

251 1533 372 1590 diversis
392 1533 526 1606 capitulis
545 1532 752 1598 describantur,
773 1534 869 1589 temen
893 1531 965 1589 nihil
988 1531 1055 1588 inde
1129 1532 1131 1641 J

252 1631 375 1700 resonat,
392 1632 446 1688 nisi
465 1631 598 1704 perfectio
611 1631 698 1688 animi
714 1630 750 1687 ad
763 1630 889 1687 divinum
909 1629 1054 1688 honorem.
1129 1648 1131 1711 l

251 1730 279 1788 Si
302 1730 369 1803 quid
390 1730 467 1788 aliud
495 1731 645 1797 inueneris
667 1731 711 1801 pie
739 1728 836 1797 lector,
857 1727 977 1801 benigne
996 1745 1056 1786 eor-

252 1829 330 1902 rigas
343 1828 372 1886 et
386 1845 441 1886 non
456 1829 549 1895 rodas,
564 1829 700 1900 quianon
716 1828 834 1898 malitia,
853 1826 902 1883 sed
923 1827 1056 1899 simpliei-

252 1925 298 1984 tes
320 1927 413 1984 estin
435 1943 530 1984 cause.
546 1925 695 1982 Diversum
717 1941 837 1998 namque
857 1924 970 1983 modum
991 1941 1054 1996 pro·

251 2024 364 2082 cedendi
379 2025 504 2082 invenies
524 2025 553 2082 in
574 2026 624 2090 eis,
640 2024 673 2080 ut
686 2022 852 2081 diversitate
867 2022 940 2080 modi
954 2023 984 2080 et
997 2039 1055 2080 ma-

252 2123 339 2180 teriae
356 2123 470 2181 lectoris
484 2121 629 2179 fastidium
645 2121 828 2194 temperetur,
842 2122 870 2178 et
884 2122 944 2178 eius
958 2122 1054 2179 anima

252 2221 288 2278 ad
297 2220 430 2280 eoelestia
440 2220 552 2278 nautius
563 2221 689 2278 elevetur
699 2221 786 2277 uariis
798 2219 945 2277 illustrata
956 2219 1054 2287 radiis,

252 2318 320 2377 oibis
335 2318 439 2377 refecta
460 2318 589 2386 diversio,
611 2318 760 2389 multiplici
781 2317 920 2375 varietate
940 2317 1054 2375 allecta.

331 2418 373 2474 Tu
394 2421 498 2484 autem,
521 2418 559 2474 mi
581 2416 670 2474 frater
684 2415 822 2489 Ioannes,
840 2417 888 2489 qui
901 2414 1055 2474 Etwbaris

252 2515 417 2588 appellaris,
431 2517 525 2588 eooipe
539 2515 746 2583 munusculum,
757 2515 830 2587 quod
841 2531 859 2572 a
870 2531 913 2572 mo
927 2514 1053 2587 indiguo,
1127 2584 1128 2589 η

252 2615 363 2673 nomine
391 2613 485 2672 tamen
516 2611 746 2685 Supploetutore
766 2612 873 2685 rocem,
899 2629 982 2684 saepe
1003 2613 1054 2670 tua

252 2711 368 2769 humilis
381 2713 486 2770 ceritas
500 2713 530 2769 et
543 2711 695 2770 caritativa
710 2711 858 2768 humilitas
879 2711 1053 2782 postulavit3

253 2827 303 2868 neo
321 2809 441 2866 irrideas
462 2809 672 2881 simplieitatem
695 2826 794 2876 meam,
809 2808 856 2865 sed
871 2809 966 2880 potius
984 2808 1053 2865 mihi

253 2908 389 2981 tanquam
410 2908 529 2979 parvulo
549 2905 719 2964 balbutienti
733 2907 762 2964 et
776 2905 955 2964 infantilibus
975 2906 1053 2964 artu-

898 3342 1081 3452 .1„·-1ffla]
1125 3420 1127 3451 r
