2284 3484
232 172 288 229 186
369 188 513 231 eraricum
534 188 670 230 raueums
690 188 744 230 reo
763 188 889 229 uiuscuo.

229 380 352 451 gratiam
368 380 481 436 minime
495 380 661 451 receperunt
672 379 727 453 (1),
742 378 923 438 exerceantur
934 394 1033 450 eorpo-

231 478 329 534 raliter
344 478 494 535 secundum
510 478 632 549 gratiam
648 478 702 535 sibi
715 478 821 535 datam.
835 510 875 517 -
888 476 966 545 Quod
982 494 1033 534 au·

231 576 287 633 tem
302 576 335 632 de
350 576 431 633 libris
452 577 583 649 tetigisti,
598 578 627 633 in
642 576 812 647 supradictis
824 576 868 649 (2)
883 574 929 632 est
947 592 1032 647 expo·

231 674 333 743 situm;
348 677 479 747 quoniam
495 674 600 733 fratres
614 676 734 747 possunt
755 675 784 731 et
804 674 905 731 debent
925 672 1032 730 habere

231 789 313 831 usum
328 773 464 831 librorum
476 758 620 833 doctrinae
632 775 863 840 necessariorum,
875 774 922 845 qui
937 790 1033 845 perso

231 874 278 929 nis
297 871 332 929 ad
354 872 511 930 doctrinam
531 873 638 931 idoneis
658 872 843 944 deputantur,
862 889 913 928 neo
934 872 1033 928 tamen

231 972 464 1042 appropriantur,
486 972 528 1028 ita
548 971 621 1043 quod
642 972 671 1028 in
697 970 898 1042 proprietatem
923 970 1033 1028 ordinis

232 1069 408 1142 redigantur,
423 1087 485 1127 cum
507 1070 565 1127 sint
586 1056 664 1138 iuris,
680 1071 713 1127 ut
733 1070 838 1127 dictum
860 1071 912 1137 est,
934 1070 1033 1126 alieni.

312 1268 365 1325 His
386 1285 403 1323 a
424 1269 535 1326 Seniore
555 1268 670 1335 auditis,
691 1267 807 1340 quiade
825 1266 1034 1340 praedicatione

233 1367 425 1446 respondendo
450 1367 555 1439 tetigit,
580 1383 632 1438 ego
659 1368 754 1423 autem
781 1367 912 1423 veritatis
937 1382 1034 1423 amoro

233 1465 366 1536 optabam
388 1482 431 1521 me
453 1465 669 1536 praedicationis
690 1465 780 1523 officio
800 1482 972 1532 consecrare,
989 1482 1034 1522 su-

234 1582 283 1635 per
311 1564 363 1621 hoo
391 1564 488 1621 taliter
518 1565 666 1636 inquisivi:
689 1563 883 1621 adventitium
914 1563 968 1632 est,
989 1565 1035 1619 in-

234 1663 343 1733 quiens,
363 1660 406 1719 illi
427 1661 517 1719 ordini
539 1662 660 1719 officium
681 1662 906 1734 praedicationis,
921 1678 972 1719 uec
992 1678 1035 1718 es·

234 1760 392 1817 sentiaiitar
414 1761 471 1817 illis
486 1759 625 1817 fratribus
643 1759 777 1832 competit
791 1760 963 1831 praedicaro3
980 1777 1036 1816 me-

235 1860 290 1915 lius
311 1860 400 1931 igitur
421 1858 472 1916 hoo
493 1858 614 1917 officium
632 1861 661 1916 in
677 1860 755 1916 statu
769 1860 825 1917 alio
839 1859 979 1916 exercebo.
993 1891 1036 1901 —

234 1957 317 2024 Item,
347 1958 448 2029 pedum
475 1958 590 2014 nuditas
618 1958 723 2015 exitum
750 1959 785 2015 ad
814 1957 1052 2030 praedicandum·
1139 1945 1140 1948 ¹

235 2055 347 2112 videtur
367 2055 481 2113 hiemali
502 2057 628 2129 tempore
644 2058 802 2129 prohibere;
817 2057 868 2113 illa
882 2057 970 2128 igitur
984 2073 1036 2113 nu-

235 2153 310 2210 ditas
324 2151 553 2225 impedimentum
576 2172 636 2212 esse
650 2156 761 2211 videtur
776 2155 991 2226 praedicationis
1007 2155 1038 2211 et

235 2252 355 2308 aliorum
376 2252 522 2319 bonorum,
538 2271 609 2325 quae
630 2247 722 2311 solent
742 2269 792 2324 per
813 2269 951 2325 pauperes
974 2269 1037 2324 pru·
1139 2247 1141 2261 ²

236 2352 338 2407 curari.
348 2382 389 2391 —
400 2351 444 2407 Ad
459 2351 535 2418 haec,
548 2351 775 2422 praedicantibus
788 2351 862 2408 vitae
876 2352 1036 2423 exemplum

236 2448 281 2505 est
301 2450 498 2516 necessarium,
517 2466 636 2520 esusque
650 2450 775 2506 carnium
792 2466 859 2521 pars
873 2428 978 2521 magna
991 2452 1039 2507 est

236 2546 394 2617 voluptatis
426 2547 544 2616 saeculi3
573 2564 629 2605 non
658 2546 752 2619 potest
779 2547 868 2620 igitur
895 2548 948 2605 tali
976 2548 1038 2605 vita

237 2644 398 2716 praedicata
419 2644 574 2703 austeritas
595 2647 783 2717 poenitentiae
803 2646 974 2705 confirmari.

238 2772 396 2779 ———-.

301 2850 323 2910 1)
342 2850 360 2897 L
373 2856 550 2910 perceperant.
859 2852 885 2911 2)
902 2852 961 2909 Pag.
982 2851 1037 2899 luo.
