2284 3484
459 226 550 268 cauus
571 227 610 269 vr.
897 210 935 268 29

130 414 268 484 salutare,
300 415 334 472 ut
364 415 455 473 tecum
486 417 561 474 omni
593 416 719 488 tempore
749 416 936 474 consolemur.

131 511 196 570 Nou
219 528 286 585 argo
307 513 335 570 te
356 512 528 571 tentationes
550 513 655 571 babere
675 514 794 581 mireris,
810 530 826 572 e
843 513 934 581 homo,

132 609 182 667 sed
203 609 240 666 ad
261 609 350 668 Deum
372 610 466 683 fugias
485 627 683 683 expavescens,
704 611 806 684 ibique,
828 613 852 668 si
873 611 936 668 ten-

131 708 189 764 tari
210 709 345 777 nolueris,
366 708 510 776 residebis,
530 711 573 766 sin
588 709 693 776 autem,
707 710 771 781 capi
786 709 892 782 poteris
906 709 936 766 et

130 805 270 862 damnari.
292 805 321 862 Si
345 805 440 864 autem
468 806 564 865 aDeo
594 806 622 864 te
650 807 767 863 nimium
795 807 935 879 elongasti

130 920 182 961 nec
204 902 285 975 potes
299 903 335 960 ad
356 921 419 961 eum
441 904 554 972 reverti,
577 904 661 976 pleno
685 904 767 962 corde
793 904 829 961 ad
857 904 935 961 Obri-

131 1000 209 1058 stum
232 1001 284 1060 tibi
305 1003 462 1074 proximum
484 1002 653 1060 accelerabis
672 1001 702 1060 et
720 1004 749 1058 in
771 1003 814 1059 sui
835 1002 935 1074 lateris

130 1101 226 1172 puteo,
250 1116 343 1170 panno
365 1100 553 1173 superposito,
576 1099 755 1158 absconderis
767 1099 826 1174 (1);
851 1099 880 1157 et
900 1117 935 1157 ne

129 1198 243 1266 timeas,
264 1198 339 1270 quod
358 1199 427 1255 tunc
447 1199 475 1256 te
496 1199 622 1256 inuenire
642 1198 738 1255 valeat
759 1198 897 1255 inimicus.

214 1295 273 1354 Hoc
305 1313 415 1368 semper
444 1295 550 1353 habeas
585 1311 636 1368 pro
669 1296 769 1368 regula
798 1295 933 1368 generali,

129 1393 215 1466 quod,
230 1392 460 1466 quandocumque
478 1393 567 1450 Deum
588 1393 668 1451 tuum
690 1393 726 1450 ad
747 1392 776 1450 te
797 1392 934 1464 profunde

129 1491 255 1549 volueris
276 1492 420 1564 inclinare,
442 1492 472 1548 in
500 1492 582 1549 corde
609 1492 659 1549 tuo
679 1491 799 1548 uulnera
827 1490 934 1548 Christi

129 1589 228 1664 portes
249 1589 278 1646 et
298 1590 358 1647 eius
379 1605 547 1662 conspersus
568 1590 706 1662 sanguine
727 1589 756 1645 te
777 1588 859 1645 Patri
873 1587 934 1644 tan·

129 1703 215 1760 qnam
239 1687 416 1760 unigenitum
439 1686 644 1760 praesentabis
665 1686 694 1744 et
715 1687 775 1758 ipse
797 1686 934 1758 tanquam

128 1785 212 1857 pater
232 1785 412 1843 dulcissimus
427 1785 478 1842 tibi
500 1786 626 1858 plenarie
646 1784 811 1856 providebit.
827 1783 934 1842 Accede

127 1898 197 1955 ergo
218 1882 255 1939 ad
276 1882 422 1940 Christum
444 1883 473 1940 et
494 1900 555 1941 eum
578 1882 745 1954 suppliciter
766 1882 933 1954 depreceris

127 1981 171 2049 ut,
194 1997 226 2038 ex
247 1997 302 2053 que
323 1982 416 2053 ipsum
438 1997 494 2038 non
515 1980 594 2038 decet
612 1981 702 2038 denuo
723 1980 876 2048 vulnerari,
895 1980 934 2036 di·

127 2080 235 2152 gnotur
265 2079 293 2136 in
326 2079 375 2138 tuo
407 2080 545 2152 sanguine
576 2095 628 2136 sua
649 2079 768 2136 vulnera
798 2095 934 2137 renovare

128 2178 213 2249 teque
234 2177 362 2235 totaliter
383 2193 434 2235 suo
455 2177 594 2249 sanguine
614 2176 766 2234 rubricare.
788 2176 827 2232 Et
840 2177 880 2233 sic
894 2177 933 2234 in-

126 2274 216 2332 dutus
237 2291 364 2346 purpura
386 2275 493 2347 poteris
514 2275 599 2346 Regis
621 2273 738 2332 introire
759 2274 906 2346 palatium.

209 2370 233 2429 0
253 2371 380 2429 tentate!
401 2371 471 2429 haec
491 2371 611 2429 vulnera
631 2371 755 2443 quotidie
781 2370 932 2440 meditar03

125 2469 197 2526 haec
218 2485 329 2540 semper
350 2468 435 2525 erunt
449 2468 500 2525 tibi
515 2468 656 2540 refugium
671 2468 699 2525 et
719 2468 853 2525 solamen.
874 2467 933 2525 Nec

125 2567 249 2636 dubites,
272 2567 355 2639 quod,
371 2568 394 2623 si
413 2566 482 2623 bane
496 2567 571 2623 eain
586 2565 668 2624 corde
682 2566 731 2624 tuo
745 2566 932 2637 impresseris,

124 2667 226 2724 nullus
247 2665 400 2724 tentationi
422 2665 517 2722 aditus
538 2664 699 2736 apparebit.

192 2879 215 2937 1)
235 2877 284 2924 cn.
303 2877 324 2924 11
341 2877 400 2934 neg.
420 2875 457 2934 ru,
478 2876 514 2922 19.

1134 2664 1137 2716 l
