2284 3484
439 225 529 266 oruuu
550 226 570 266 r.
887 210 906 266 9

745 327 902 335 ———---

148 513 234 588 Quod
252 515 372 572 miseros
393 531 452 571 non
473 513 623 588 despiciat,
643 514 695 572 sed
714 530 803 587 opera
822 517 863 573 eis

426 613 584 684 impendat.

186 809 301 879 Quinto,
321 811 354 867 ut
375 810 486 868 nullum
500 810 757 883 quantumcumque
773 811 905 867 miserum

105 909 252 982 despiciat,
274 909 321 967 sed
343 927 411 982 erga
430 925 526 967 omues
540 910 636 981 potius
650 910 778 967 materno
798 891 905 967 morou-

105 1009 153 1064 tur
174 1007 287 1076 affectu,
309 1008 338 1066 et
366 1009 405 1065 sio
432 1007 561 1064 omuibus
582 1006 772 1079 compatiatur
798 1008 906 1076 intime,

105 1106 179 1163 siout
189 1106 397 1178 compateretur
408 1107 498 1163 mater
511 1107 592 1164 uuieo
603 1106 662 1164 filio
674 1105 826 1177 praedileot
851 1104 905 1179 (1).

104 1203 209 1262 Omnes
224 1221 318 1262 eorum
340 1205 467 1262 miserias
488 1204 602 1276 reputet
616 1221 676 1261 esse
697 1221 763 1261 suas
784 1203 813 1260 ot
834 1203 907 1261 siout

105 1302 275 1374 sibimetipsi
303 1305 341 1360 sio
367 1303 448 1360 debet
469 1303 607 1370 omuibus
629 1303 651 1358 si
675 1303 771 1360 tamen
792 1302 905 1373 poterit,

104 1401 265 1458 subvenire.
293 1399 340 1470 ut,
362 1401 491 1473 quamvis
514 1403 542 1457 iu
564 1400 758 1472 compatiendo
779 1400 807 1458 ot
828 1401 906 1457 mini-

104 1499 223 1557 strando
234 1499 334 1556 debeat
345 1516 413 1571 erga
428 1516 523 1556 omues
539 1499 735 1556 maternaliter
750 1517 778 1556 se
792 1497 904 1566 habere,

104 1597 187 1654 debet
215 1597 310 1654 tumen
333 1613 428 1654 omnes
456 1598 590 1670 tauquam
615 1597 710 1667 patros
731 1597 759 1654 et
780 1597 906 1653 dominos

103 1696 238 1754 revereri.

229 1891 314 1968 Quod
335 1893 452 1950 mullum
473 1893 582 1950 iudicet
601 1893 635 1949 de
655 1892 786 1965 occultis,

362 1993 412 2048 sed
431 1989 527 2064 mapis
549 1990 652 2048 doleat.
728 2058 730 2063 ¹

184 2187 277 2255 Sexto,
306 2187 339 2244 ut
366 2187 476 2244 nulium
504 2187 607 2244 iudicet
634 2187 667 2244 de
699 2186 820 2260 peceato,
843 2203 904 2243 cum

102 2286 225 2359 ignoret,
247 2285 313 2358 quid
339 2283 434 2342 diviua
455 2286 550 2358 gratia
578 2286 605 2341 iu
635 2287 729 2342 anima
758 2284 905 2356 operotur3

103 2384 152 2442 sod
177 2385 201 2441 si
228 2383 348 2457 aliquem
384 2400 433 2455 per
465 2385 546 2456 sigua
578 2383 728 2440 manifesta
759 2382 908 2440 coniecerit

103 2483 288 2556 peecatorem,
311 2483 376 2554 plus
401 2482 433 2538 de
458 2483 571 2556 peccato
596 2483 673 2540 illius
697 2482 799 2557 doleat,
821 2498 906 2554 quam

103 2583 126 2638 si
150 2582 265 2654 proprio
286 2582 394 2653 corpori
417 2597 492 2638 mors
515 2582 617 2638 millies
638 2580 799 2638 inferretur.
821 2579 907 2637 Reoo

101 2735 264 2746 .—---—.

167 2813 190 2874 1)
208 2813 345 2873 Respieitur
365 2813 387 2860 II
407 2813 465 2870 Rog.
491 2813 512 2870 1,
531 2813 574 2859 26:
603 2811 696 2859 «Siout
716 2814 793 2858 muter
814 2810 905 2857 unicum

100 2897 167 2942 amat
184 2894 257 2941 filium
275 2907 364 2940 suum»
384 2895 430 2939 eto.
