2284 3484
245 233 283 291 74
506 251 646 293 summus
666 249 778 296 imonis.
853 291 859 304 ,

243 439 313 497 Eece
334 439 448 513 lignum
478 442 553 499 vitoe
580 441 638 498 tam
665 442 694 498 in
721 442 808 498 ramis
836 457 919 513 quam
940 441 970 497 in
989 440 1042 498 sti·

246 537 304 609 pite
325 538 507 610 perforatum,
528 540 558 596 iu
578 538 679 612 quibus
700 538 883 597 foraminibus
913 539 969 596 uisi
997 554 1041 610 pe

244 635 303 709 des,
316 635 443 704 allectus,
457 639 593 709 posueris,
609 653 664 696 nou
686 637 791 709 poteris
811 653 909 708 oapere
930 635 1041 694 fruetus

244 735 315 792 eius.
335 734 415 804 Eoos,
435 735 553 807 apertus
574 735 619 793 est
637 735 789 793 thesaurus
809 735 920 792 divinae
933 736 1042 806 sapien-

244 831 301 890 tiee
322 832 351 889 et
371 833 521 891 suavitatis
537 833 677 891 aeternae.
691 832 774 892 Intra
795 849 861 906 ergo
876 849 926 904 per
946 833 1042 890 uulne-

245 947 307 988 rum
317 931 492 1003 aperturam,
500 931 529 988 et
537 931 764 1005 cumcognitione
772 929 885 988 delicias
892 929 1040 992 obtinebis

324 1027 348 1087 Ο
364 1045 449 1100 quam
463 1027 546 1086 beata
560 1028 657 1086 lances
671 1027 700 1084 et
713 1027 788 1086 besti
802 1029 884 1096 olavi,
897 1029 946 1101 qui
959 1006 1043 1100 sper-

244 1124 348 1184 tionem
362 1125 520 1184 huiusmodi
534 1124 624 1184 facere
642 1127 818 1184 meruerunt!
834 1124 872 1184 01
888 1125 1043 1184 siluissem

245 1223 304 1281 loeo
324 1224 402 1281 illius
428 1224 551 1291 lanosae,
573 1225 647 1282 exire
672 1224 705 1282 de
733 1223 837 1283 Christi
865 1225 956 1282 latere
983 1240 1044 1282 em-

245 1321 321 1392 plius
341 1321 502 1392 noluissem,
524 1322 571 1380 sed
593 1321 739 1380 dixissem:
754 1323 836 1380 Haeo
854 1323 966 1394 requies
979 1337 1043 1378 noea

245 1418 278 1474 in
291 1418 438 1475 saecolum
454 1419 581 1490 soeeolt‚·
596 1419 642 1477 ln'e
657 1419 803 1493 habitote,
818 1420 959 1491 quonium
971 1418 1044 1492 elegi

245 1530 309 1572 eam
321 1513 375 1589 (1).
394 1514 419 1574 O
432 1516 516 1574 stulti
529 1519 557 1574 et
570 1517 650 1574 tardi
663 1517 754 1590 corde,
766 1517 837 1590 quod
851 1517 887 1575 ad
898 1516 1045 1588 possiden-

245 1611 312 1670 dum
332 1613 439 1684 aliquid
458 1631 563 1673 vanum
577 1631 628 1686 per
648 1616 745 1688 inepte
765 1615 903 1673 foramine
917 1614 1046 1673 introitis

246 1710 275 1768 et
294 1711 359 1768 inde
379 1711 463 1768 etiem
485 1712 559 1768 exire
579 1712 723 1771 multoties
744 1729 800 1772 uon
821 1712 951 1785 potestis
965 1713 997 1770 et
1009 1705 1051 1769 ad‘

246 1808 445 1880 possidendum
467 1809 518 1867 Dei
541 1809 655 1880 Filium,
677 1827 817 1868 summum
843 1811 956 1880 bouum,
978 1827 1046 1868 oan-

245 1907 340 1965 dorem
361 1908 390 1965 et
410 1907 587 1980 splendorem
608 1908 762 1978 aeternum,
777 1924 827 1980 per
844 1909 960 1980 apertas
982 1908 1047 1966 vul·

246 2020 344 2062 nerum
365 2007 467 2063 ianuas
486 2021 542 2064 uon
563 2005 704 2065 introitis!

326 2101 464 2161 Oauime
484 2103 519 2160 ad
548 2104 697 2177 imaginem
719 2104 771 2162 Dei
795 2101 879 2173 faeta,
907 2103 1047 2176 quomodo

247 2199 275 2257 te
296 2200 376 2271 potes
396 2202 519 2273 amplius
540 2202 702 2260 continere?
722 2201 800 2272 Eece,
829 2218 950 2275 sponsus
976 2201 1047 2260 tuus

246 2298 425 2356 dulcissimus
446 2315 497 2371 pro
517 2300 546 2358 te
566 2300 732 2358 vulneratus
755 2302 811 2358 iam
831 2300 924 2359 factus
943 2300 1048 2374 glorio
1128 2343 1129 2348 η

247 2413 296 2454 ens
316 2395 344 2453 te
365 2396 443 2468 cupit
469 2398 633 2470 amplexari,
662 2397 713 2457 tibi
740 2398 902 2457 dulcissime
928 2398 1047 2472 elargiri

247 2494 357 2564 oeoula;
373 2494 402 2552 et
414 2495 450 2552 ad
470 2497 563 2569 ipsum
584 2497 705 2569 negligis
718 2475 873 2554 festinare?
887 2495 962 2554 Nam
976 2512 1047 2569 pree

247 2593 333 2650 nimio
353 2608 448 2651 amore
467 2593 581 2666 aperuit
594 2593 647 2652 sibi
661 2593 747 2664 latus,
762 2594 795 2652 ut
808 2593 860 2652 tibi
874 2593 984 2652 tribuat
998 2611 1047 2654 cor

248 2737 407 2751 ,-.-........

311 2822 524 2882 1)1³s.131,14;
547 2821 601 2870 uem
620 2820 779 2882 respiciuntur
798 2825 853 2872 uuo.
876 2823 915 2884 ei,
937 2823 968 2870 es
989 2825 1015 2871 ee
1036 2825 1047 2872 1
1128 2795 1129 2812 ¹

248 2902 330 2950 Thess.
347 2904 371 2962 ὅ,
387 2902 427 2949 21.
