2284 3484
333 285 336 294 ’
407 299 496 341 creor
520 300 570 342 vn.
852 284 890 340 35

82 505 153 561 ergo
169 489 300 561 excipias
315 504 331 547 o
347 491 454 556 insano,
478 489 525 546 sed
547 489 630 560 pleno
651 489 732 547 corde
752 489 780 546 te
802 489 892 546 hurni-

82 587 161 646 liens
180 587 258 644 tuam
282 589 422 644 miseriem
445 603 620 659 recognosce.

168 685 216 753 Et,
238 687 261 743 si
283 685 335 742 tibi
356 687 432 753 tunc,
454 702 516 744 cum
538 686 718 757 cogitaveris
734 685 762 742 te
777 703 836 743 esse
851 687 891 742 in·

84 783 185 840 fimum
207 785 331 842 omnium
365 783 551 855 peccatorum,
581 783 717 855 subrepat
748 784 890 856 cogitatio,

84 880 161 953 quod
175 880 208 937 tu
229 897 259 937 es
273 897 290 937 e
305 881 424 939 Domino
443 880 622 953 reprobatus
637 881 710 938 hanc
725 881 891 953 quantocius

83 977 234 1036 excludere
249 978 340 1044 debet,
355 994 405 1035 uec
420 978 584 1050 permittere
599 979 689 1035 tecum
706 979 891 1051 aliquomodo

83 1076 271 1145 commorari3
293 1076 392 1132 timere
421 1075 503 1133 debes
532 1093 588 1134 non
618 1076 753 1134 modicum
781 1075 810 1132 et
841 1076 889 1132 Dei

84 1173 221 1230 altissimi
243 1174 464 1245 superextollere
486 1173 620 1246 pietatem
646 1175 676 1232 et
695 1173 833 1232 confidere
861 1177 889 1231 iu

85 1272 195 1329 Christi
217 1273 382 1330 uulneribus
403 1273 481 1330 etin
509 1273 658 1330 clementie
686 1274 787 1329 metris
814 1273 889 1341 eins3

84 1371 226 1427 immensa
247 1369 291 1426 est
312 1371 385 1428 enirn
400 1370 590 1428 misericordie
611 1370 662 1427 Dei
683 1372 783 1429 nostri.
805 1370 851 1436 nt,
867 1370 890 1426 si

85 1470 112 1526 in
136 1470 167 1526 te
188 1469 248 1527 solo
275 1471 370 1526 essent
400 1471 493 1528 omnia
523 1474 646 1542 peccate,
667 1486 738 1541 quae
767 1486 890 1541 unquam

84 1566 163 1624 fecte
185 1567 254 1624 suut
274 1568 319 1624 vel
341 1567 458 1640 possent
479 1567 511 1624 de
532 1569 624 1625 cetero
657 1569 823 1639 perpetrari,
845 1567 891 1624 ad-

84 1665 190 1722 hucin
218 1663 362 1722 infinitum
385 1666 583 1738 superexcellit
605 1665 792 1723 misericordie
821 1667 889 1734 eius,

84 1765 114 1821 et
134 1763 187 1821 tibi
209 1763 278 1822 haec
299 1765 401 1836 omnia,
417 1766 440 1820 si
462 1764 497 1820 ed
519 1782 547 1821 se
568 1766 753 1831 concurreris,
773 1765 889 1836 proptor

86 1861 223 1934 pietatem
246 1878 326 1919 suern
347 1863 538 1934 largissimam
560 1863 738 1920 condonaret.

167 1960 196 2016 Si
218 1959 302 2015 etiem
325 1959 393 2016 tuno
421 1960 516 2016 veniet
541 1959 593 2015 tibi
622 1958 764 2030 cogitatio,
794 1961 888 2016 utrum

85 2058 125 2112 sis
146 2058 177 2114 in
199 2056 318 2113 caritate
334 2057 378 2114 vel
393 2073 458 2123 non,
480 2057 579 2114 timere
594 2056 776 2127 proculdubio
791 2057 889 2125 debes3

85 2154 134 2211 sed
156 2171 234 2222 caue,
257 2171 291 2212 ne
313 2154 499 2210 determinate
519 2155 547 2210 in
571 2154 680 2224 partem
702 2154 825 2225 aliquem
847 2156 891 2211 in·

84 2253 210 2316 climens,
225 2253 255 2308 et
269 2251 389 2308 fideliter
410 2268 462 2324 age
483 2253 512 2307 et
532 2252 565 2307 de
586 2251 681 2308 divine
701 2252 890 2309 misericordie

85 2367 198 2422 semper
214 2366 306 2422 spera.
329 2350 356 2406 Si
377 2350 450 2416 enim
473 2349 541 2406 haec
561 2351 652 2422 egeris
667 2349 695 2405 et
710 2350 751 2406 tui
769 2351 890 2407 conside·

84 2449 197 2506 rationo
219 2448 397 2519 reputaveris
419 2448 446 2504 te
468 2448 643 2520 peccatorum
666 2449 746 2503 nocte
768 2448 889 2519 undique

84 2546 287 2605 obumbratum
319 2562 351 2602 ac
383 2545 416 2602 de
444 2545 526 2602 tante
547 2544 748 2602 tenebrositate
780 2546 889 2603 intense

84 2645 185 2702 dolens
206 2643 242 2700 ad
263 2642 368 2700 fontem
398 2643 513 2714 pietatis
544 2643 689 2699 humiliter
718 2644 889 2701 converteris

85 2743 210 2800 mentem
232 2740 321 2808 tuem,
343 2741 454 2797 orietur
474 2742 506 2797 in
535 2741 657 2798 tenebris
686 2741 749 2797 istis
778 2742 829 2799 lus
844 2741 888 2817 (1)

151 2957 174 3015 1)
192 2956 225 3002 rs.
243 2955 284 3013 ee,
305 2954 340 3001 ro.
