2284 3484
230 226 287 287 196
369 242 511 288 eunrreuu
531 246 669 290 rnurruus
688 248 742 291 ruo
762 248 892 291 nnucuo.

229 436 405 511 praesagivit
424 438 610 495 reversionem
632 438 731 497 iudicis
752 439 958 511 praecurrendo
973 438 1027 515 (1).

229 535 283 593 llio
303 536 348 595 est
369 537 465 609 prooul
487 536 570 595 dubio
599 536 699 595 Medus
725 552 827 595 aurum
853 538 954 595 nolens
978 554 1029 596 neo

228 634 381 707 argentum
401 636 547 708 requirens
562 634 619 709 (2).
639 635 701 693 Hes
722 634 752 693 et
772 636 844 693 alias
863 637 893 693 iu
914 652 945 694 se
959 635 1029 709 figu-

229 748 277 789 res
304 733 435 805 implevit
463 735 635 802 innumeras,
656 734 730 792 siout
756 749 839 791 nosse
867 734 983 805 potoris,
1004 734 1031 792 si

228 832 371 903 inspector
391 830 512 903 diligens
533 831 620 889 fueris
641 832 858 903 scripturarum.

309 928 362 985 Ad·
375 929 495 987 seeundo
515 929 675 1002 quaesitum
700 929 752 987 tibi
775 930 927 1001 respondet
954 948 1029 1003 papa

229 1026 257 1083 in
279 1026 378 1099 regula
390 1027 435 1100 (3)
450 1026 491 1084 itu
505 1027 615 1084 dicens:
636 1027 751 1086 «Nullo
771 1028 853 1086 modo
872 1027 969 1086 licebit
989 1030 1030 1086 eis

228 1125 261 1181 de
282 1124 339 1183 isto
359 1126 493 1197 religione
513 1127 598 1195 exire,
621 1127 688 1199 quie
716 1126 868 1184 seeundum
897 1126 1028 1185 sanetum

228 1224 405 1296 euangelium
418 1222 463 1297 (4)
477 1240 559 1281 nemo
573 1224 691 1282 mittens
704 1241 827 1282 manum
839 1226 879 1284 od
891 1211 1030 1283 aratrum

227 1323 256 1377 et
266 1322 411 1393 aspiciens
425 1324 504 1379 retro
516 1324 603 1393 aptes
612 1325 656 1382 est
667 1338 758 1395 repleo
769 1324 827 1381 Dei
836 1347 865 1381 ι.
876 1323 954 1393 Quae
968 1341 1028 1382 sen·

227 1418 318 1477 tentia
331 1419 456 1477 invalida
467 1420 550 1489 esset,
562 1422 618 1478 nisi
632 1422 661 1479 in
676 1420 734 1478 istu
748 1423 882 1495 religione
893 1423 1028 1495 professis

227 1517 302 1575 esset
322 1517 399 1575 retro
419 1519 544 1589 aspicere
564 1520 595 1575 in
620 1535 823 1592 quemcumque
850 1520 935 1577 aliam
963 1521 1029 1577 reli·

226 1616 338 1689 gionem
356 1616 465 1689 ingredi
486 1617 515 1675 et
535 1618 629 1675 minus
644 1617 702 1675 Deo
716 1618 983 1691 persolveremus
998 1620 1029 1676 in

226 1714 503 1785 istepromiserunt.
525 1714 644 1787 Exque
669 1716 806 1787 sequitur,
831 1716 904 1788 quod
930 1717 1029 1773 nullus

226 1811 263 1869 ab
282 1811 339 1870 ista
363 1811 522 1870 voluntarie
542 1812 687 1871 discedens
707 1813 921 1886 voluntarieque
946 1814 1029 1871 entra

226 1908 382 1980 persistens
396 1910 425 1966 in
440 1908 521 1967 statu
541 1910 644 1968 salutis
658 1909 793 1969 exsistere
807 1911 851 1968 est
863 1911 1028 1969 credendus.

227 1992 305 2076 Quod
328 2008 351 2063 si
372 2008 475 2079 aliquis
503 2008 664 2067 voluntarie
692 2024 831 2081 egressus,
851 2009 896 2066 vel
922 2009 1028 2067 eieotus

226 2104 296 2177 aget
316 2103 384 2163 totis
406 2105 514 2163 uiribus
536 2107 742 2180 perseverando
762 2105 972 2179 longanimiter,
994 2106 1029 2165 ut

225 2201 378 2259 iterumad
393 2203 518 2260 ordinem
539 2204 718 2273 admittatur,
733 2206 758 2261 si
772 2204 840 2262 heeo
860 2203 956 2277 gratia
973 2206 1030 2263 sibi
1133 2204 1135 2213 '

225 2299 388 2372 denegetur,
410 2317 443 2357 en
464 2301 532 2358 tuno
554 2301 660 2373 poterit
680 2303 710 2359 in
730 2302 825 2375 aliquo
846 2303 902 2360 ulio
924 2302 1027 2361 disere-

223 2397 309 2456 tionis
325 2414 443 2471 magnae
458 2416 487 2456 se
502 2400 623 2468 salvare,
639 2400 663 2456 si
678 2399 782 2468 tamen,
799 2399 937 2473 quantum
952 2402 982 2458 in
997 2419 1029 2459 se

224 2484 284 2566 esn‘
299 2512 409 2569 semper
429 2499 459 2555 in
480 2497 639 2557 revertendi
661 2498 806 2571 proposito
827 2500 1000 2570 perseveret.

289 2666 311 2724 1)
329 2664 377 2711 Gir.
396 2666 477 2713 Thone.
495 2666 523 2713 de
539 2666 673 2725 Eeoleston‚
691 2666 750 2715 Coll.
765 2667 793 2714 13
808 2666 834 2713 in
850 2668 929 2713 Auel.
944 2667 1026 2714 Fran·
1117 2672 1135 2707 ι·

225 2746 293 2801 eise„
310 2748 330 2791 t.
348 2745 359 2791 I
375 2758 398 2804 p.
416 2746 470 2792 245.
597 2748 600 2753 '

286 2826 311 2884 2)
329 2826 388 2872 Vide
404 2827 461 2875 Teb.
481 2827 518 2875 12.

287 2906 311 2964 3)
330 2905 386 2965 Cup.
403 2906 427 2953 2.
825 2909 850 2968 4)
868 2909 924 2956 Lus.
943 2909 967 2969 9,
984 2908 1024 2956 62.
