2284 3484
253 253 395 297 cadurcum
416 254 552 299 eauruars
573 255 627 297 rao
647 256 775 298 nicaeno.
859 239 915 297 169

198 444 252 502 His
273 462 290 501 a
311 446 423 526 Seniore
444 446 681 505 sufficientissime
711 448 856 520 expositis,
878 448 916 504 vi·
965 435 978 447 ”

116 542 186 599 dens
208 542 393 602 districtionis
414 544 520 603 Christi
534 547 610 603 uiam
625 546 837 634 perfectioribus
852 563 917 619 pro·

117 640 239 712 positam
261 642 428 700 imitandam
449 645 478 701 in
500 645 778 716 praenominatorum
792 645 913 703 fratrum

116 740 257 797 minorum
279 741 338 797 vita
359 740 388 798 et
407 740 507 799 habitu
521 742 671 815 refulgere,
687 742 794 800 Christi
807 742 916 815 ignitus

115 835 253 896 desiderio
275 839 303 895 in
323 840 448 911 ipsorum
471 856 514 897 me
534 840 681 898 confestim
703 840 914 899 transtulissem

114 936 297 1003 consortium,
319 938 374 993 nisi
394 938 506 1010 qnidam
530 955 573 995 mo
593 938 684 997 obices
712 938 915 997 retardassent.

117 1031 196 1101 Quae
216 1033 273 1090 dixi
293 1035 437 1106 explicans
463 1036 586 1104 Seniori3
619 1053 691 1104 cum,
713 1037 837 1109 inquam,
859 1036 915 1094 Do-

117 1132 211 1188 minus
242 1131 397 1190 inhibuerit
428 1132 575 1206 discipulis
600 1134 742 1205 possidere
768 1136 914 1206 pecuniam

114 1228 144 1285 et
165 1228 288 1300 portare,
310 1245 366 1288 non
388 1230 456 1287 sunt
476 1230 581 1288 fratres
602 1232 724 1289 minores
745 1231 852 1290 Christi
872 1232 915 1290 di-

114 1326 232 1399 scipulis
254 1328 368 1396 similes,
390 1330 438 1401 qui
463 1351 478 1380 a
492 1329 625 1387 videntur
652 1329 686 1387 ut
706 1331 755 1388 alii
776 1347 915 1403 pauperes

117 1426 240 1497 recipere
261 1426 445 1484 communiter
476 1426 529 1484 sihi
558 1430 692 1499 pecunias
719 1429 867 1501 erogatas3
889 1429 914 1485 si

113 1524 189 1581 enim
209 1523 257 1581 ille
279 1524 355 1592 facit,
377 1526 456 1583 cuius
476 1525 646 1585 auctoritate
667 1525 710 1595 fit,
730 1528 855 1598 ipsorum
867 1544 914 1585 au-

113 1621 170 1679 tem
192 1622 363 1682 auctoritate
384 1640 436 1695 pro
457 1624 541 1689 libitu
561 1641 657 1683 eorum
689 1626 749 1682 suis
769 1624 914 1682 familiari-

112 1719 167 1777 hus
194 1720 306 1778 videtur
337 1722 424 1779 missa
456 1724 574 1793 pecunia
604 1722 801 1791 commendari,
833 1721 914 1780 extra

112 1818 199 1875 etiam
214 1819 389 1893 plerumque,
401 1820 435 1877 ut
449 1819 568 1887 videtur,
584 1821 713 1878 dantium
726 1820 912 1892 potestatem

112 1917 253 1989 recipiunt
280 1918 369 1991 igitur
404 1920 548 1989 pecuniam
579 1918 727 1977 manifeste
739 1917 784 1993 (1)
799 1942 828 1975 ›.
859 1918 913 1976 Re-

112 2016 229 2087 spondit
260 2016 375 2075 Senior:
409 2016 542 2086 Falleris,
574 2010 723 2089 inquiens3
756 2034 814 2076 non
844 2018 914 2075 reci-

112 2114 196 2185 piunt
229 2114 391 2185 pecuniam;
412 2132 477 2172 nam
506 2116 537 2171 in
567 2131 671 2183 eorum,
693 2132 777 2188 quam
800 2114 912 2183 vovent,

111 2212 211 2284 regula
232 2211 415 2284 praecipitur,
436 2212 469 2269 ut
490 2229 540 2285 per
563 2230 592 2269 se
621 2214 666 2271 vel
693 2230 743 2285 per
763 2213 912 2285 interposi·

110 2308 171 2365 tam
193 2325 341 2381 personam
362 2326 418 2367 non
434 2310 571 2382 recipiant
586 2312 734 2382 pecuniam
748 2310 807 2369 ullo
821 2310 911 2369 modo.

112 2406 160 2476 Et,
181 2408 247 2465 licet
268 2424 429 2480 procorum
448 2409 664 2466 necessitatibus
680 2409 764 2467 alicui
779 2409 911 2467 familiari

110 2506 151 2562 eis
172 2505 216 2562 vel
237 2506 371 2563 extraneo
404 2506 521 2577 pecunia
549 2506 710 2578 deputetur,
738 2523 793 2565 non
815 2507 911 2564 tamen

108 2605 165 2676 ipsi
185 2620 246 2662 eam
268 2604 419 2677 recipiunt,
442 2605 508 2677 quia
529 2621 585 2663 non
600 2606 725 2677 ipsorum
741 2605 912 2665 auctoritate

108 2702 291 2775 aliquatenus
311 2702 479 2773 custoditur,
503 2704 551 2761 sed
571 2704 743 2762 auctoritate
765 2705 912 2778 elcemosy-

110 2838 271 2849 ψ...-

174 2916 197 2975 1)
215 2914 299 2963 Paucis
315 2914 415 2962 mutatis
430 2915 530 2974 Bonan,
546 2916 564 2963 l.
582 2928 604 2963 c.
622 2930 643 2963 c.
660 2915 716 2963 411.
737 2916 775 2963 16.
