2284 3484
231 236 289 299 lm
371 216 894 301 mmmmmmwmm

230 452 323 522 mont,
344 449 494 508 vendentes
515 448 676 519 offerebant
700 450 801 521 pretia
822 465 934 521 eorum,
954 466 1032 521 quae

230 548 390 606 vendebant
409 552 436 606 et
449 550 600 622 ponebant
619 551 687 605 onte
702 549 792 620 pedes
817 547 1030 619 apostotorum.

309 646 442 715 Aduenis,
457 647 550 720 inquit
563 646 669 715 Senior,
696 646 923 704 «districtiorem
941 646 972 703 et
986 662 1031 702 su·

231 743 385 804 blimiorem
406 762 467 803 esse
500 745 626 817 regulam
658 744 842 803 constitutam
864 744 935 815 ipsis
961 760 1030 815 apo·

232 842 315 901 stolis
336 860 383 901 ore
403 844 549 910 dommim,
570 860 655 915 quam
688 844 726 900 sit
753 843 813 910 illa,
833 859 906 915 quae
927 842 1030 900 consti·

233 939 297 997 tuta
329 941 374 999 est
405 942 457 999 sub
484 940 623 1013 apostolis
654 940 829 998 multitudini
854 940 1027 997 credentium

229 1039 361 1097 eeclesiae
383 1040 551 1112 primitivae,
568 1041 597 1096 in
612 1056 669 1111 qua
689 1039 772 1096 eraut
786 1039 839 1095 uiri
853 1039 883 1095 et
897 1038 1029 1096 mulieres

228 1138 346 1193 irruioom
357 1136 520 1210 congregati
533 1135 578 1211 (1)
590 1160 618 1195 s.
633 1137 692 1194 Nee
703 1139 776 1194 enim
789 1136 902 1208 poterat
912 1137 941 1192 in
955 1137 1029 1208 prin·

230 1234 301 1305 cipio
323 1234 405 1291 tanta
425 1234 565 1293 districtio
587 1233 766 1307 paupertatis
779 1234 884 1305 imponi
899 1236 1030 1305 personis

229 1332 423 1389 communibus
443 1332 472 1389 et
492 1334 667 1404 promiscuae
698 1330 898 1409 multitudinis,
919 1331 1029 1404 quanta
1135 1377 1136 1398 2

232 1429 300 1497 illis,
321 1431 368 1502 qui
390 1431 418 1488 in
449 1430 593 1502 exemplar
624 1429 803 1502 perfectionis
828 1429 911 1486 erant
941 1429 1029 1486 dediti

228 1526 281 1584 toti
303 1528 416 1585 mundo.
435 1526 527 1584 Erant
547 1544 615 1601 ergo
636 1528 694 1584 illis
707 1528 859 1595 conversis,
874 1526 983 1585 scilieet
996 1528 1029 1584 du
1135 1553 1136 1560 ¹

228 1624 318 1697 plebe,
340 1620 446 1683 sanetis
467 1625 574 1697 utique,
596 1627 689 1685 omnia
703 1626 876 1695 commuuiu3
891 1625 965 1682 unde
979 1626 1028 1707 isti
1135 1617 1136 1676 ἒ

228 1722 313 1781 verbo
333 1723 492 1780 immediate
515 1723 697 1796 subiungitur
720 1724 750 1781 iu
770 1723 889 1781 Actibus
901 1723 962 1797 (2):
986 1724 1031 1781 Et

227 1820 334 1877 oirtoete
354 1837 464 1893 mopso
490 1820 649 1879 reddebant
675 1821 803 1893 apostoli
831 1820 1028 1878 testimonium

227 1918 448 1975 resurrectionis
463 1917 532 1975 Iesu
549 1915 670 1975 Christi.
685 1917 730 1975 Ibi
744 1919 840 1991 glossa
851 1918 911 1999 (dle
937 1940 952 1969 α
966 1919 1029 1977 Dis·
1135 1937 1136 1942 ¹

135 2087 138 2093 Ι
228 2015 318 2072 oernit
331 2016 456 2073 ordinem
470 2015 615 2074 doctorum
628 2016 658 2074 et
671 2016 846 2087 auditorum3
867 2034 932 2074 narn
954 2019 1030 2075 mul·

227 2113 319 2171 titudo
339 2113 509 2171 credentium
533 2114 617 2171 robus
638 2114 743 2187 spretis
770 2116 871 2187 eopula
897 2115 1030 2173 caritatis

227 2212 345 2269 invicem
375 2212 555 2285 iungebatur‚
588 2213 710 2285 apostoli
741 2229 807 2271 vero
838 2213 944 2271 uirtute
975 2213 1029 2271 iul·

226 2309 326 2382 gentes
348 2309 454 2368 Christi
476 2311 612 2385 mysteria
626 2310 830 2383 pandebant».
847 2310 945 2384 Coepit
959 2329 1028 2385 ergo
1135 2351 1136 2368 2

226 2408 342 2464 sanctus
374 2408 555 2481 Augustinus
577 2407 630 2466 sub
657 2409 708 2465 ille
735 2409 834 2481 regula
865 2410 970 2478 vivere,
991 2411 1029 2468 ad

226 2522 309 2578 quam
332 2506 445 2565 volebat
465 2506 674 2565 multitudinem
689 2506 835 2565 attrahere
848 2508 980 2578 aliorum,
994 2510 1030 2567 ut
1135 2493 1136 2496 ¹

229 2622 388 2631 ψ...-

291 2674 313 2733 l)
331 2673 425 2732 Expos.
443 2688 499 2734 sup.
517 2676 598 2734 repul.
615 2675 646 2721 F.
664 2674 710 2731 M„
727 2689 748 2722 e.
766 2676 780 2722 2
797 2688 822 2722 u.
841 2676 864 2722 7.

289 2750 314 2810 2)
331 2751 386 2799 dot.
402 2752 427 2810 4,
445 2752 484 2800 33.
584 2800 588 2805 ,

288 2831 1028 2897 emmmmmmmawmmm
1135 2807 1136 2898 J

225 2910 300 2969 Apol.
314 2925 406 2969 paup„
424 2925 445 2957 o.
464 2912 477 2958 i
495 2926 519 2958 n.
537 2912 588 2973 32).
