2284 3484
430 239 520 281 emer
542 240 582 282 vr.
869 222 906 280 31

67 449 74 466 ·
100 427 241 500 tanquam
262 427 299 485 ad
326 426 494 485 familiarem
522 428 643 485 amioum
663 427 810 486 aeeedunt.
838 427 909 486 Vult

102 527 189 594 enim,
210 524 244 583 nt
264 524 521 598 quantumcumque
539 541 661 598 magnus
681 542 711 583 se
732 525 866 584 miserum
880 526 910 584 et

102 623 187 697 quasi
208 622 281 681 nihil
302 626 439 696 reputans
460 623 496 682 ad
517 625 610 696 ipsum
632 623 730 682 veniat
755 640 819 681 eum
846 640 910 696 pec·

102 721 233 780 aeterum
248 736 363 780 suerum
377 720 539 780 confusione
559 721 589 780 et
606 722 682 780 omni
702 721 861 780 reverentia
881 722 910 779 et

104 819 216 878 timore.
238 818 276 876 m
297 835 441 892 magnum,
462 819 547 878 imme
569 820 781 892 permaximum,
796 818 910 891 reputet

103 915 358 991 quantuscumque,
379 918 403 974 si
423 918 517 990 ipsum
538 918 692 975 immensus
716 915 812 976 noster
833 917 910 975 Deus

105 1015 243 1088 dignatur
264 1015 365 1073 saltem
387 1014 508 1090 alonge
535 1014 650 1073 intueri.
677 1014 799 1088 Ideoque
827 1015 910 1088 plene

105 1113 188 1172 eorde
203 1112 254 1172 Dei
271 1113 493 1186 magnitudinem
510 1129 645 1185 suamque
660 1112 831 1184 parvitatem
848 1128 910 1171 een-

106 1210 226 1268 fitentur
246 1210 275 1268 et
295 1210 385 1268 dieat:
407 1211 542 1283 Domine,
564 1226 620 1269 nen
653 1211 743 1269 selum
763 1227 825 1267 non
844 1227 911 1268 eum

106 1308 223 1382 dianus,
234 1311 267 1366 ni
281 1308 373 1367 intres
386 1309 440 1366 snb
456 1311 558 1366 tertam
572 1325 667 1366 meam
680 1306 735 1383 (1),
751 1307 800 1366 sed
813 1307 847 1365 ut
860 1324 911 1365 nee

106 1407 160 1466 tibi
191 1408 420 1479 appropinquare
451 1406 565 1464 debeam
596 1407 655 1464 ulle
683 1406 773 1464 mede.
801 1405 911 1465 Saffieit

106 1505 182 1567 enim
205 1503 282 1572 mihi,
303 1504 337 1562 ut
358 1504 425 1561 tuae
444 1505 597 1563 immensae
618 1503 734 1576 pietatis
754 1504 842 1562 oculis
866 1521 911 1562 me

107 1603 235 1676 digneris
255 1601 418 1674 aspiee'rea
446 1601 571 1660 remotis,
599 1602 669 1660 Diee
696 1601 758 1670 tibi,
782 1601 912 1674 quodsi

106 1681 140 1758 in'
158 1700 211 1759 hoe
232 1701 458 1772 perseveraveris
479 1717 534 1758 nen
560 1700 715 1772 quieseem,
736 1715 792 1757 nen
820 1699 909 1758 solum

107 1799 136 1857 te
158 1798 274 1867 videbit,
296 1797 450 1856 sedetiam
472 1797 508 1856 ad
536 1814 588 1855 sua
609 1797 798 1855 secretissima
824 1796 912 1856 intre

105 1895 200 1954 dueet.
221 1895 301 1965 Quod
321 1897 381 1967 ipse
402 1895 535 1969 dignetur
556 1895 647 1952 faeere
668 1894 716 1967 qui
739 1895 832 1951 estin
854 1911 912 1953 sae

105 1996 236 2054 culorum
258 1994 370 2052 saecula
391 1992 562 2052 benedictae.
582 1993 684 2051 Amen.

106 2131 270 2140 ..-—-.--

173 2206 197 2266 1)
215 2207 305 2253 marte.
323 2205 349 2265 e,
365 2205 388 2252 e.
