2284 3484
402 265 493 308 cauus
515 267 573 308 xx1.
831 251 888 311 121

87 456 171 515 debes
192 457 270 515 edire
290 457 319 515 ei
339 458 421 516 illum
442 458 567 531 diligere.
591 458 638 525 Ei,
660 459 684 516 si
701 457 729 516 te
744 458 891 517 offenderit

87 555 162 613 dicte
183 555 229 613 uel
250 555 334 624 facte,
356 573 412 614 ucu
431 557 497 629 plus
510 556 633 624 eusebie,
647 573 731 629 quam
746 558 769 614 si
784 557 891 629 tuipse

6 700 7 735 p
89 652 140 710 tibi
161 653 220 716 hcc¹
234 653 348 712 fecisses
367 655 413 712 vel
433 654 560 723 dixisses,
582 655 612 712 el
631 671 663 713 eo
686 656 810 726 amplius
833 655 891 726 pla-

87 749 163 809 cebil
182 751 244 823 libi,
265 753 331 824 quia
358 753 395 809 ibi
424 752 469 809 est
494 754 584 811 maier
613 753 735 811 merendi
761 754 890 810 materia.

87 849 135 918 lli,
150 851 175 906 si
193 850 260 922 quid
280 836 379 909 feceris
399 851 464 908 beui
487 851 529 908 vel
551 851 664 919 dixeris,
679 868 734 909 nou
750 851 815 924 plus
836 851 891 909 ele-

5 948 6 969 ³
88 948 210 1016 vaberis,
231 965 316 1021 quam
338 951 361 1006 si
383 949 456 1006 alius
477 949 589 1008 fecisset
604 950 647 1007 vel
663 949 795 1019 dixissem
811 949 850 1016 ei,
865 951 890 1006 si

88 1047 211 1119 aliquem
231 1046 371 1105 defectum
398 1064 454 1106 uon
481 1048 651 1120 culpabilem
678 1047 775 1105 feceris
797 1063 890 1106 ceram

88 1145 138 1212 eis,
159 1160 217 1202 uon
238 1145 304 1217 plus
324 1144 446 1213 curabis,
460 1162 545 1217 quam
559 1148 583 1202 si
598 1147 626 1202 in
649 1146 770 1217 private,
784 1145 832 1202 ubi
845 1143 889 1219 (1)

87 1243 185 1300 nullus
203 1243 330 1310 vidisset,
351 1242 473 1319 fecisses.
496 1243 566 1301 Iude
580 1244 665 1300 eiiam
680 1243 813 1315 sequetur
834 1259 890 1300 ma·

87 1357 178 1412 guum
198 1340 311 1410 bouum,
326 1341 409 1413 quud,
425 1342 448 1398 si
467 1357 691 1414 unumquemque
713 1341 890 1412 reputaveris

88 1439 117 1496 le
144 1440 248 1511 ipsum,
273 1440 348 1512 quud
376 1439 487 1496 nullum
507 1440 657 1511 specialem
678 1439 803 1507 habebis,
824 1440 890 1511 quia

88 1553 185 1596 omues
206 1537 257 1594 tibi
279 1538 440 1610 singulares
461 1538 554 1605 erunt,
582 1537 692 1594 nullum
715 1537 780 1609 plus
800 1537 891 1595 aliero

88 1635 268 1709 diliges,uisi
286 1636 469 1708 inquantum
490 1637 584 1708 ipeum
605 1636 717 1694 noveris
737 1635 888 1703 meliorem,

88 1750 144 1792 uon
166 1735 232 1806 quia
253 1733 305 1791 libi
327 1735 366 1791 sil
386 1734 451 1806 plue
473 1733 621 1791 familiaris
643 1734 686 1791 vel
708 1733 802 1791 uolua.

168 1832 228 1890 Nec
248 1832 333 1889 etiam
354 1833 427 1890 circa
447 1833 704 1904 quantumcumque
727 1830 829 1888 bouum
843 1831 890 1888 de-

87 1930 187 1988 bemus
203 1929 287 1998 affici,
302 1931 349 1987 scd
364 1930 537 1988 selummodo
550 1931 624 1987 circa
640 1929 728 1987 Deum
744 1930 801 1986 sive
817 1930 845 1986 in
861 1944 889 1986 se

87 2028 226 2095 absolute,
241 2029 300 2086 sive
320 2028 406 2085 eliam
419 2029 448 2084 iu
463 2027 601 2101 quantum
615 2028 662 2084 isti
677 2027 722 2084 vel
736 2027 784 2084 alii
807 2027 889 2084 lania

86 2126 161 2186 bena
171 2127 306 2199 largitur.
317 2126 471 2184 Possumus
482 2127 576 2183 lamen
590 2126 654 2198 plue
665 2141 745 2183 erare
757 2141 807 2196 pre
823 2125 889 2194 illis,

87 2225 190 2297 quibus
211 2242 310 2283 sumus
330 2226 422 2297 magis
441 2224 569 2297 obligati.
583 2223 649 2282 Neu
670 2224 765 2281 tamen
787 2224 826 2280 sic
846 2223 890 2280 esi

3 2392 4 2407 χ
88 2323 226 2381 orandum
240 2339 291 2394 pre
306 2323 373 2389 illis,
387 2321 420 2379 ul
433 2322 504 2380 alius
518 2321 704 2378 dimittamus.
719 2320 780 2378 Hoc
798 2321 889 2379 selum

88 2421 139 2478 tibi
153 2419 362 2494 appropriabis‚
378 2419 484 2478 scilicet
498 2421 610 2492 culpam
630 2420 709 2477 iuam
723 2419 751 2476 ei
765 2419 889 2477 defectus

88 2519 153 2578 tues
170 2520 209 2587 el,
224 2518 297 2590 qued
311 2517 340 2576 ie
354 2518 481 2576 viliorem
501 2517 631 2576 omnibus
654 2517 775 2589 reputes,
790 2517 819 2574 ei
833 2531 887 2574 neu

89 2609 180 2673 selum
201 2615 261 2683 lua,
277 2615 425 2673 sedetiam
445 2615 538 2672 aliena
558 2615 673 2686 peccata
693 2614 808 2687 reputes
829 2631 889 2672 esse

3 2700 4 2715 ¹
90 2711 154 2782 tue3
169 2711 200 2770 et
213 2729 265 2784 pre
279 2714 350 2785 ipsis
364 2711 522 2784 postulabis
533 2714 653 2780 veniam,
665 2713 738 2770 sicut
749 2728 800 2784 pru
814 2712 888 2770 aliis.

91 2847 250 2856 -—-.-..--

154 2926 176 2984 1)
194 2925 213 2970 L
228 2928 266 2971 ut.
