2284 3484
232 274 375 317 oluurourr
395 274 533 317 esbernis
554 276 607 317 rao
630 275 758 318 ornuouo.
841 257 898 317 177

95 467 156 526 loco
176 466 207 524 ot
226 468 351 539 tempore
374 484 425 539 pro
446 468 570 539 ipsorum
587 465 812 536 necessitatibus,
827 466 901 525 siout

97 565 226 638 expedire
248 565 359 633 viderit,
381 565 601 637 dispensandam
616 565 661 638 (1)
677 588 705 622 r.

179 664 242 721 Dixi
262 663 438 721 exhilaratus
459 663 540 721 valde
561 663 665 720 iterum
683 664 804 721 Seniori:
826 664 899 721 Vere

96 762 166 819 mihi
186 761 305 820 obseura
327 763 384 819 sole
405 762 509 819 clarius
531 744 691 828 declarasti,
721 762 769 819 sed
793 761 900 819 intelli-

94 877 162 932 gere
183 876 297 934 nequeo,
319 860 392 934 quod
414 860 515 918 saltem
537 860 576 927 hi,
598 860 747 932 dequibus
765 860 897 933 loqueris

95 958 300 1030 proprietatem
321 975 415 1015 rerum
436 957 631 1026 immobilium,
658 958 760 1030 quibos
788 974 898 1015 necesse

95 1056 204 1114 habent
225 1057 276 1124 uti,
298 1073 354 1116 non
375 1042 500 1114 habeant
520 1058 548 1113 in
570 1057 720 1125 communi,
742 1074 802 1113 eum
820 1056 898 1114 nullo

95 1154 178 1213 modo
200 1154 349 1212 videantur
370 1154 405 1211 ad
427 1156 520 1213 sedem
541 1154 725 1227 apostolicam
748 1155 897 1226 pertinere.

95 1254 183 1311 Video
204 1254 286 1321 enim,
309 1252 469 1328 frequenter
490 1270 584 1313 eorum
607 1253 778 1312 monasteria
798 1253 827 1311 et
850 1253 899 1311 do-

95 1352 200 1409 micilia
220 1352 328 1433 erstrui
354 1369 439 1424 snper
467 1353 557 1410 solum
588 1354 745 1424 principum
766 1350 796 1408 et
816 1351 899 1409 baro-

94 1468 163 1508 num
187 1449 331 1509 eteorum
356 1450 497 1507 sumtibus
526 1450 667 1518 fabricari,
695 1449 724 1507 et
745 1452 768 1507 si
794 1449 898 1507 fratres

93 1548 248 1621 aliquando
269 1548 492 1617 transferuntur,
515 1549 659 1621 praedicta
679 1550 740 1607 loca
762 1548 842 1607 bonis
863 1549 898 1605 il·

93 1647 192 1706 lorum
216 1664 278 1705 oum
306 1647 439 1705 aedificiis
470 1648 662 1719 applicantur.
683 1680 722 1689 —
743 1647 898 1720 Respondit

93 1746 193 1803 Senior
209 1745 271 1819 (2):
293 1746 368 1803 Scire
394 1745 423 1802 te
444 1746 516 1814 volo,
544 1745 596 1814 lili,
624 1746 698 1818 quod
725 1746 824 1804 domus
843 1745 898 1802 tra-

93 1845 183 1912 trum,
204 1843 237 1901 de
258 1844 369 1918 quibus,
391 1844 424 1901 ut
444 1845 532 1912 video,
556 1844 731 1917 quaesivisti,
745 1844 897 1916 aliquando

93 1942 252 2000 fundantur
273 1959 358 2014 super
373 1943 462 2002 solum
477 1943 576 2001 alieuis
591 1943 704 2011 domini,
719 1944 798 2000 euius
812 1943 896 2000 etiam

94 2039 214 2113 pecunia
234 2040 392 2113 eriguntur,
414 2041 443 2099 et
464 2058 519 2099 non
547 2042 592 2098 est
618 2041 742 2109 dubium,
770 2042 897 2114 proprio-

94 2138 185 2196 tatom
199 2137 344 2197 domorum
358 2138 433 2211 apud
447 2138 503 2197 hos.
514 2140 644 2207 residere,
666 2140 816 2213 aliquando
831 2156 897 2197 vero

93 2252 181 2309 super
195 2236 285 2294 solum
300 2237 384 2294 unius
399 2237 427 2294 et
441 2239 571 2309 expensis
592 2238 711 2296 alterius
731 2238 897 2296 construun-

92 2333 158 2404 tur3
181 2333 210 2391 et
231 2335 299 2391 tuno
321 2336 401 2402 selas,
423 2336 628 2407 proprietatem
649 2337 701 2393 soli
722 2336 797 2408 apud
825 2336 897 2393 alte·

93 2450 156 2490 rum
173 2433 202 2489 et
215 2432 419 2505 proprietatem
440 2432 558 2491 aedilicii
573 2434 648 2506 apud
667 2451 730 2494 eum
746 2434 895 2506 pertinere.

93 2530 122 2588 Si
153 2546 220 2588 vero
247 2530 281 2588 de
308 2531 503 2589 communibus
531 2533 713 2606 eleemosynis
740 2532 896 2590 liberaliter

95 2686 256 2694 ——-—-—

160 2781 182 2839 1)
200 2779 263 2839 Quae
280 2782 409 2838 sequuntur
426 2783 548 2839 usquead
564 2796 624 2841 quoe
640 2783 753 2828 noscitur
768 2783 896 2841 pertinere

93 2862 181 2908 desunt
197 2860 222 2907 in
239 2861 280 2908 As.
717 2924 727 2939 Ι

157 2942 182 3001 2)
200 2941 248 2989 on.
268 2943 367 3000 Bonum,
385 2942 468 3002 Epist.
486 2944 514 2989 de
531 2945 547 2987 3
563 2948 670 3001 quaest„
687 2957 711 2989 n.
730 2943 754 2988 8.

805 3040 833 3086 12
