2284 3484
226 228 284 289 140
363 247 506 293 comicum
526 248 664 293 munaus
683 248 737 294 uro
755 248 885 294 nuncro.

223 440 317 497 dinem
337 442 585 511 contemnentium,
606 444 655 514 qui
683 459 714 501 se
745 443 799 501 toti
825 442 949 503 humano
976 460 1023 517 ge

223 539 284 596 nori
305 537 484 599 subiicientes
504 541 627 598 minores
647 557 677 599 se
697 539 802 599 iratres
821 542 852 598 in
875 540 961 599 huius
980 543 1023 599 rei

223 634 355 694 indicium
377 638 533 711 appeliant.
549 638 674 707 Quorum
694 638 783 696 vitam
803 640 833 697 iu
853 638 1021 712 quibusdam

223 732 415 793 laudabilibus
435 735 665 808 philosophorum
694 736 944 795 famosissimorum
965 737 1024 795 vidi

223 848 285 889 esso
307 832 495 891 simillimam:
511 836 540 891 in
556 834 724 907 paupertate
745 835 852 893 scilicet
863 834 1023 904 Socraticis,

222 929 252 987 in
266 930 367 1001 pedum
383 930 512 989 nuditate
525 948 558 989 ac
572 932 711 989 munditia
721 932 885 1001 Platonicis,
900 934 930 989 in
944 949 1024 1005 aspe

172 1068 175 1073 -
224 1027 311 1086 ritate
332 1028 514 1098 Academicis,
535 1031 563 1087 in
586 1030 744 1089 incessabili
769 1030 949 1103 inquisitione
976 1048 1024 1087 sa·

224 1127 345 1197 pientiae
366 1127 579 1201 Peripateticis3
600 1128 717 1187 ethaeo
737 1144 766 1187 se
787 1128 878 1186 facero
898 1128 1022 1187 affirma·

223 1223 294 1282 bant
323 1242 418 1285 amoro
448 1225 562 1285 Domini
591 1227 658 1284 Iesu
678 1225 795 1295 Christi,
815 1225 852 1283 ad
878 1243 911 1284 oa
931 1228 1023 1300 ipsius

223 1323 358 1395 exemplis
378 1340 411 1382 ac
431 1323 567 1381 doctrinis
595 1324 703 1397 paritor
729 1324 883 1383 informati.
909 1324 1022 1382 Accessi

222 1420 342 1493 donique
372 1422 497 1493 propius,
525 1422 558 1479 ut
592 1422 723 1490 riderem,
754 1439 792 1479 an
820 1422 888 1484 haec
914 1422 1023 1495 regulis

222 1519 391 1591 euangelicis
411 1520 622 1589 concordarent,
636 1521 665 1579 et
681 1520 750 1589 uidi,
765 1522 857 1593 ipsum
872 1521 1024 1579 Dominum

223 1615 317 1675 omnia
337 1617 504 1676 transitoria
524 1619 701 1677 contemnere
721 1619 751 1677 et
770 1618 807 1676 ad
827 1618 1021 1691 contemptum

224 1714 347 1773 omnium
367 1715 438 1774 alios
460 1732 620 1789 provocare.
642 1716 820 1789 Prospiciens
842 1717 964 1775 ulterius
991 1718 1022 1774 in

223 1813 312 1885 ipsius
334 1812 445 1872 Domini
466 1830 557 1873 mores
571 1814 600 1873 ot
613 1831 708 1887 opera,
722 1814 807 1889 incidi
828 1814 976 1888 paululum
991 1816 1021 1872 in

222 1912 376 1984 stuporem,
397 1928 460 1971 cum
480 1915 574 1985 ipsum
588 1913 642 1971 sibi
656 1930 797 1972 cernerem
811 1913 902 1987 quoad
915 1913 1024 1986 aliquid

223 2008 390 2068 difformitor
409 2009 619 2080 ambulantem
639 2012 734 2070 inueni
761 2013 834 2070 enim
865 2029 927 2070 oum
955 2027 1024 2069 cum

217 2106 422 2179 peccatoribus
436 2107 661 2166 manducantes
675 2107 720 2185 (1)
735 2110 765 2167 et
784 2109 924 2167 bibentem
938 2108 968 2167 et
981 2110 1024 2167 sic

224 2204 348 2263 utentem
373 2205 576 2275 communibus,
596 2207 630 2264 ut
649 2210 768 2265 vorator
788 2224 824 2265 oc
839 2209 961 2279 potator
975 2206 1022 2281 (2)

225 2304 284 2361 vini
304 2302 340 2360 ab
361 2305 480 2362 aemulis
500 2304 655 2374 dicoretur;
677 2306 809 2378 visusque
833 2304 903 2363 mihi
922 2304 1025 2382 inisset

222 2400 344 2459 Ioannes
372 2403 419 2460 iile
441 2402 599 2475 perfectior,
620 2405 669 2477 qui
695 2403 764 2463 adeo
783 2404 846 2461 orat
866 2420 884 2461 a
904 2418 1025 2463 commu·

223 2499 307 2559 nibus
326 2499 481 2570 abstinens,
503 2500 536 2559 nt
563 2518 623 2559 non
650 2501 832 2560 manducans
859 2518 951 2574 ncqac
979 2491 1023 2560 bi·

223 2598 290 2657 bens
302 2597 346 2673 (3)
358 2598 394 2656 ab
407 2598 567 2658 hominibus
581 2600 728 2671 diceretur,
740 2601 796 2658 nisi
810 2601 846 2658 ad
861 2602 1024 2659 memoriam

288 2827 311 2887 ι)
329 2823 417 2876 neten.
434 2828 459 2889 s,
479 2828 515 2875 ιι.

285 2908 310 2968 e)
328 2908 416 2957 nasi.
436 2909 474 2969 n,
495 2909 531 2956 ro.
775 2909 800 2971 a)
817 2911 906 2959 neon.
926 2910 964 2970 11,
984 2911 1023 2959 ro.
