<?xml version="1.0" encoding="UTF-8"?>
<!DOCTYPE html PUBLIC "-//W3C//DTD XHTML 1.0 Transitional//EN"
    "http://www.w3.org/TR/xhtml1/DTD/xhtml1-transitional.dtd">
<html xmlns="http://www.w3.org/1999/xhtml" xml:lang="en" lang="en">
 <head>
  <title>
</title>
<meta http-equiv="Content-Type" content="text/html;charset=utf-8" />
  <meta name='ocr-system' content='tesseract 3.04.00' />
  <meta name='ocr-capabilities' content='ocr_page ocr_carea ocr_par ocr_line ocrx_word'/>
</head>
<body>
  <div class='ocr_page' id='page_1' title='image "bibliothecafran00romgoog_0162.png"; bbox 0 0 2284 3484; ppageno 0'>
   <div class='ocr_carea' id='block_1_1' title="bbox 3 3077 10 3234">
    <p class='ocr_par' dir='ltr' id='par_1_1' title="bbox 3 2825 10 3254">
     <span class='ocr_line' id='line_1_1' title="bbox 3 3077 10 3234; baseline 0 0"><span class='ocrx_word' id='word_1_1' title='bbox 3 3077 10 3234; x_wconf 63' lang='grc'>1</span> 
     </span>
    </p>
   </div>
   <div class='ocr_carea' id='block_1_2' title="bbox 195 241 906 329">
    <p class='ocr_par' dir='ltr' id='par_1_2' title="bbox 195 241 906 329">
     <span class='ocr_line' id='line_1_2' title="bbox 195 241 906 329; baseline -0.007 -23"><span class='ocrx_word' id='word_1_2' title='bbox 195 274 201 329; x_wconf 70' lang='lat'><em>3</em></span> <span class='ocrx_word' id='word_1_3' title='bbox 241 262 384 305; x_wconf 76' lang='lat' dir='ltr'>causacum</span> <span class='ocrx_word' id='word_1_4' title='bbox 404 262 540 306; x_wconf 79' lang='grc'><strong>1111111111</strong></span> <span class='ocrx_word' id='word_1_5' title='bbox 562 261 616 304; x_wconf 81' lang='lat' dir='ltr'>rao</span> <span class='ocrx_word' id='word_1_6' title='bbox 636 260 765 304; x_wconf 83' lang='lat' dir='ltr'>orauouo.</span> <span class='ocrx_word' id='word_1_7' title='bbox 849 241 906 302; x_wconf 81' lang='grc'>137</span> 
     </span>
    </p>
   </div>
   <div class='ocr_carea' id='block_1_3' title="bbox 109 366 322 376">
    <p class='ocr_par' dir='ltr' id='par_1_3' title="bbox 109 366 322 376">
     <span class='ocr_line' id='line_1_3' title="bbox 109 366 322 376; baseline 0 -1"><span class='ocrx_word' id='word_1_8' title='bbox 109 366 322 376; x_wconf 54' lang='lat' dir='ltr'>——u</span> 
     </span>
    </p>
   </div>
   <div class='ocr_carea' id='block_1_4' title="bbox 108 453 908 530">
    <p class='ocr_par' dir='ltr' id='par_1_4' title="bbox 108 453 908 530">
     <span class='ocr_line' id='line_1_4' title="bbox 108 453 908 530; baseline -0.004 -15"><span class='ocrx_word' id='word_1_9' title='bbox 108 474 179 530; x_wconf 86' lang='lat' dir='ltr'>quae</span> <span class='ocrx_word' id='word_1_10' title='bbox 207 456 385 516; x_wconf 73' lang='lat' dir='ltr'><strong>uniformiter</strong></span> <span class='ocrx_word' id='word_1_11' title='bbox 412 457 569 525; x_wconf 84' lang='lat' dir='ltr'>mouentur,</span> <span class='ocrx_word' id='word_1_12' title='bbox 598 456 679 514; x_wconf 86' lang='lat' dir='ltr'>nulla</span> <span class='ocrx_word' id='word_1_13' title='bbox 705 455 750 513; x_wconf 88' lang='lat' dir='ltr'>est</span> <span class='ocrx_word' id='word_1_14' title='bbox 769 453 908 513; x_wconf 72' lang='lat' dir='ltr'><strong>certitudo</strong></span> 
     </span>
    </p>
   </div>
   <div class='ocr_carea' id='block_1_5' title="bbox 92 550 910 723">
    <p class='ocr_par' dir='ltr' id='par_1_5' title="bbox 92 550 910 723">
     <span class='ocr_line' id='line_1_5' title="bbox 95 550 909 629; baseline -0.005 -16"><span class='ocrx_word' id='word_1_15' title='bbox 95 550 267 615; x_wconf 73' lang='lat' dir='ltr'>&#39;huiusmodi</span> <span class='ocrx_word' id='word_1_16' title='bbox 288 556 458 624; x_wconf 88' lang='lat' dir='ltr'>futurorum,</span> <span class='ocrx_word' id='word_1_17' title='bbox 480 556 579 629; x_wconf 80' lang='lat' dir='ltr'>collegi</span> <span class='ocrx_word' id='word_1_18' title='bbox 600 554 798 623; x_wconf 73' lang='lat' dir='ltr'>infallibiliter,</span> <span class='ocrx_word' id='word_1_19' title='bbox 818 552 909 611; x_wconf 87' lang='lat' dir='ltr'>multo</span> 
     </span>
     <span class='ocr_line' id='line_1_6' title="bbox 92 652 910 723; baseline -0.005 -12"><span class='ocrx_word' id='word_1_20' title='bbox 92 654 212 713; x_wconf 85' lang='lat' dir='ltr'>‘fortius</span> <span class='ocrx_word' id='word_1_21' title='bbox 226 671 358 713; x_wconf 88' lang='lat' dir='ltr'>erroneas</span> <span class='ocrx_word' id='word_1_22' title='bbox 371 670 432 712; x_wconf 91' lang='lat' dir='ltr'>esse</span> <span class='ocrx_word' id='word_1_23' title='bbox 447 654 622 713; x_wconf 86' lang='lat' dir='ltr'>coniecturas</span> <span class='ocrx_word' id='word_1_24' title='bbox 637 655 736 711; x_wconf 87' lang='lat' dir='ltr'>talium</span> <span class='ocrx_word' id='word_1_25' title='bbox 751 654 779 709; x_wconf 93' lang='lat' dir='ltr'>in</span> <span class='ocrx_word' id='word_1_26' title='bbox 793 652 910 723; x_wconf 87' lang='lat' dir='ltr'>disposi-</span> 
     </span>
    </p>
   </div>
   <div class='ocr_carea' id='block_1_6' title="bbox 109 751 919 2586">
    <p class='ocr_par' dir='ltr' id='par_1_6' title="bbox 109 751 919 2586">
     <span class='ocr_line' id='line_1_7' title="bbox 109 751 908 825; baseline -0.004 -17"><span class='ocrx_word' id='word_1_27' title='bbox 109 752 235 811; x_wconf 73' lang='lat' dir='ltr'>tionibus</span> <span class='ocrx_word' id='word_1_28' title='bbox 249 752 448 811; x_wconf 90' lang='lat' dir='ltr'>elementorum</span> <span class='ocrx_word' id='word_1_29' title='bbox 464 752 616 811; x_wconf 90' lang='lat' dir='ltr'>secuudum</span> <span class='ocrx_word' id='word_1_30' title='bbox 630 751 837 825; x_wconf 75' lang='lat' dir='ltr'>pyromantiam</span> <span class='ocrx_word' id='word_1_31' title='bbox 859 765 908 805; x_wconf 90' lang='lat' dir='ltr'>seu</span> 
     </span>
     <span class='ocr_line' id='line_1_8' title="bbox 109 847 908 925; baseline -0.008 -16"><span class='ocrx_word' id='word_1_32' title='bbox 109 852 312 910; x_wconf 76' lang='lat' dir='ltr'>aeromantiam</span> <span class='ocrx_word' id='word_1_33' title='bbox 335 868 384 909; x_wconf 89' lang='lat' dir='ltr'>seu</span> <span class='ocrx_word' id='word_1_34' title='bbox 404 851 631 925; x_wconf 87' lang='lat' dir='ltr'>hydromantiam</span> <span class='ocrx_word' id='word_1_35' title='bbox 651 867 699 907; x_wconf 87' lang='lat' dir='ltr'>seu</span> <span class='ocrx_word' id='word_1_36' title='bbox 720 847 908 923; x_wconf 82' lang='lat' dir='ltr'>geomantiam</span> 
     </span>
     <span class='ocr_line' id='line_1_9' title="bbox 110 946 911 1023; baseline -0.006 -16"><span class='ocrx_word' id='word_1_37' title='bbox 110 966 158 1007; x_wconf 89' lang='lat' dir='ltr'>seu</span> <span class='ocrx_word' id='word_1_38' title='bbox 174 950 403 1023; x_wconf 84' lang='lat' dir='ltr'>nigromantiam,</span> <span class='ocrx_word' id='word_1_39' title='bbox 420 952 559 1007; x_wconf 88' lang='lat' dir='ltr'>insaniam</span> <span class='ocrx_word' id='word_1_40' title='bbox 575 949 770 1021; x_wconf 81' lang='lat' dir='ltr'>turpissimam</span> <span class='ocrx_word' id='word_1_41' title='bbox 784 946 911 1005; x_wconf 91' lang='lat' dir='ltr'>iudicans</span> 
     </span>
     <span class='ocr_line' id='line_1_10' title="bbox 110 1043 911 1121; baseline -0.006 -16"><span class='ocrx_word' id='word_1_42' title='bbox 110 1049 139 1105; x_wconf 92' lang='lat' dir='ltr'>in</span> <span class='ocrx_word' id='word_1_43' title='bbox 157 1048 212 1115; x_wconf 91' lang='lat' dir='ltr'>his,</span> <span class='ocrx_word' id='word_1_44' title='bbox 228 1064 298 1121; x_wconf 88' lang='lat' dir='ltr'>quae</span> <span class='ocrx_word' id='word_1_45' title='bbox 313 1047 383 1105; x_wconf 91' lang='lat' dir='ltr'>fides</span> <span class='ocrx_word' id='word_1_46' title='bbox 403 1047 548 1105; x_wconf 82' lang='lat' dir='ltr'>dissuadet</span> <span class='ocrx_word' id='word_1_47' title='bbox 568 1047 597 1105; x_wconf 92' lang='lat' dir='ltr'>et</span> <span class='ocrx_word' id='word_1_48' title='bbox 618 1047 691 1105; x_wconf 89' lang='lat' dir='ltr'>ratio</span> <span class='ocrx_word' id='word_1_49' title='bbox 711 1044 827 1113; x_wconf 87' lang='lat' dir='ltr'>deridet,</span> <span class='ocrx_word' id='word_1_50' title='bbox 841 1043 911 1101; x_wconf 89' lang='lat' dir='ltr'>anili</span> 
     </span>
     <span class='ocr_line' id='line_1_11' title="bbox 110 1144 908 1219; baseline -0.01 -14"><span class='ocrx_word' id='word_1_51' title='bbox 110 1145 200 1219; x_wconf 82' lang='lat' dir='ltr'>decipi</span> <span class='ocrx_word' id='word_1_52' title='bbox 221 1145 342 1215; x_wconf 87' lang='lat' dir='ltr'>fictione,</span> <span class='ocrx_word' id='word_1_53' title='bbox 357 1149 386 1203; x_wconf 94' lang='lat' dir='ltr'>in</span> <span class='ocrx_word' id='word_1_54' title='bbox 405 1146 614 1219; x_wconf 84' lang='lat' dir='ltr'>metaphysioae</span> <span class='ocrx_word' id='word_1_55' title='bbox 635 1144 737 1202; x_wconf 86' lang='lat' dir='ltr'>transii</span> <span class='ocrx_word' id='word_1_56' title='bbox 757 1144 908 1216; x_wconf 83' lang='lat' dir='ltr'>regionem.</span> 
     </span>
     <span class='ocr_line' id='line_1_12' title="bbox 192 1234 911 1318; baseline -0.007 -15"><span class='ocrx_word' id='word_1_57' title='bbox 192 1244 297 1303; x_wconf 86' lang='lat' dir='ltr'>Videas</span> <span class='ocrx_word' id='word_1_58' title='bbox 319 1246 416 1318; x_wconf 83' lang='lat' dir='ltr'>igitur,</span> <span class='ocrx_word' id='word_1_59' title='bbox 437 1247 466 1302; x_wconf 93' lang='lat' dir='ltr'>in</span> <span class='ocrx_word' id='word_1_60' title='bbox 488 1262 520 1302; x_wconf 88' lang='lat' dir='ltr'>ea</span> <span class='ocrx_word' id='word_1_61' title='bbox 540 1234 659 1302; x_wconf 80' lang='lat' dir='ltr'>tractari</span> <span class='ocrx_word' id='word_1_62' title='bbox 682 1240 853 1316; x_wconf 89' lang='lat' dir='ltr'>quidditates</span> <span class='ocrx_word' id='word_1_63' title='bbox 866 1242 911 1299; x_wconf 91' lang='lat' dir='ltr'>in·</span> 
     </span>
     <span class='ocr_line' id='line_1_13' title="bbox 110 1339 909 1416; baseline -0.005 -15"><span class='ocrx_word' id='word_1_64' title='bbox 110 1344 219 1416; x_wconf 88' lang='lat' dir='ltr'>sipidas</span> <span class='ocrx_word' id='word_1_65' title='bbox 233 1343 262 1401; x_wconf 91' lang='lat' dir='ltr'>et</span> <span class='ocrx_word' id='word_1_66' title='bbox 282 1345 429 1416; x_wconf 90' lang='lat' dir='ltr'>principiis</span> <span class='ocrx_word' id='word_1_67' title='bbox 444 1343 598 1401; x_wconf 78' lang='lat' dir='ltr'>abstractis</span> <span class='ocrx_word' id='word_1_68' title='bbox 620 1342 758 1414; x_wconf 90' lang='lat' dir='ltr'>principia</span> <span class='ocrx_word' id='word_1_69' title='bbox 778 1339 909 1399; x_wconf 86' lang='lat' dir='ltr'>snbstan-</span> 
     </span>
     <span class='ocr_line' id='line_1_14' title="bbox 111 1438 911 1513; baseline -0.005 -13"><span class='ocrx_word' id='word_1_70' title='bbox 111 1442 169 1501; x_wconf 83' lang='lat' dir='ltr'>tias</span> <span class='ocrx_word' id='word_1_71' title='bbox 189 1441 330 1500; x_wconf 90' lang='lat' dir='ltr'>sonsibilis</span> <span class='ocrx_word' id='word_1_72' title='bbox 351 1440 554 1501; x_wconf 85' lang='lat' dir='ltr'>confusibiliter</span> <span class='ocrx_word' id='word_1_73' title='bbox 570 1440 740 1513; x_wconf 88' lang='lat' dir='ltr'>permisceri,</span> <span class='ocrx_word' id='word_1_74' title='bbox 755 1439 784 1497; x_wconf 92' lang='lat' dir='ltr'>et</span> <span class='ocrx_word' id='word_1_75' title='bbox 797 1438 911 1497; x_wconf 87' lang='lat' dir='ltr'>taudem</span> 
     </span>
     <span class='ocr_line' id='line_1_15' title="bbox 112 1537 912 1612; baseline -0.006 -13"><span class='ocrx_word' id='word_1_76' title='bbox 112 1556 260 1599; x_wconf 88' lang='lat' dir='ltr'>numerum</span> <span class='ocrx_word' id='word_1_77' title='bbox 273 1539 498 1597; x_wconf 88' lang='lat' dir='ltr'>substantiarum</span> <span class='ocrx_word' id='word_1_78' title='bbox 509 1537 706 1612; x_wconf 88' lang='lat' dir='ltr'>separatarum</span> <span class='ocrx_word' id='word_1_79' title='bbox 721 1537 845 1597; x_wconf 91' lang='lat' dir='ltr'>motibus</span> <span class='ocrx_word' id='word_1_80' title='bbox 855 1553 912 1596; x_wconf 91' lang='lat' dir='ltr'>cor·</span> 
     </span>
     <span class='ocr_line' id='line_1_16' title="bbox 113 1636 912 1711; baseline -0.005 -15"><span class='ocrx_word' id='word_1_81' title='bbox 113 1654 214 1711; x_wconf 89' lang='lat' dir='ltr'>porum</span> <span class='ocrx_word' id='word_1_82' title='bbox 226 1638 424 1710; x_wconf 83' lang='lat' dir='ltr'>principalium</span> <span class='ocrx_word' id='word_1_83' title='bbox 435 1638 591 1710; x_wconf 87' lang='lat' dir='ltr'>coaequari,</span> <span class='ocrx_word' id='word_1_84' title='bbox 603 1637 684 1710; x_wconf 87' lang='lat' dir='ltr'>quasi</span> <span class='ocrx_word' id='word_1_85' title='bbox 695 1637 777 1695; x_wconf 90' lang='lat' dir='ltr'>otiosi</span> <span class='ocrx_word' id='word_1_86' title='bbox 788 1636 847 1693; x_wconf 89' lang='lat' dir='ltr'>sint</span> <span class='ocrx_word' id='word_1_87' title='bbox 857 1636 912 1707; x_wconf 91' lang='lat' dir='ltr'>spi-</span> 
     </span>
     <span class='ocr_line' id='line_1_17' title="bbox 114 1718 916 1807; baseline -0.005 -13"><span class='ocrx_word' id='word_1_88' title='bbox 114 1737 189 1795; x_wconf 90' lang='lat' dir='ltr'>ritus</span> <span class='ocrx_word' id='word_1_89' title='bbox 203 1736 380 1803; x_wconf 89' lang='lat' dir='ltr'>nobilissimi,</span> <span class='ocrx_word' id='word_1_90' title='bbox 394 1736 448 1793; x_wconf 88' lang='lat' dir='ltr'>nisi</span> <span class='ocrx_word' id='word_1_91' title='bbox 462 1748 611 1807; x_wconf 87' lang='lat' dir='ltr'>corporum</span> <span class='ocrx_word' id='word_1_92' title='bbox 626 1734 765 1807; x_wconf 87' lang='lat' dir='ltr'>obsequiis</span> <span class='ocrx_word' id='word_1_93' title='bbox 779 1718 916 1805; x_wconf 87' lang='lat' dir='ltr'>deputen-</span> 
     </span>
     <span class='ocr_line' id='line_1_18' title="bbox 114 1829 915 1906; baseline -0.004 -15"><span class='ocrx_word' id='word_1_94' title='bbox 114 1834 173 1903; x_wconf 90' lang='lat' dir='ltr'>tur,</span> <span class='ocrx_word' id='word_1_95' title='bbox 189 1833 246 1891; x_wconf 85' lang='lat' dir='ltr'>vidi</span> <span class='ocrx_word' id='word_1_96' title='bbox 261 1850 322 1891; x_wconf 86' lang='lat' dir='ltr'>eam</span> <span class='ocrx_word' id='word_1_97' title='bbox 343 1832 649 1901; x_wconf 61' lang='lat' dir='ltr'>dedecorosissima</span> <span class='ocrx_word' id='word_1_98' title='bbox 669 1832 848 1890; x_wconf 77' lang='lat' dir='ltr'>alienaretur</span> <span class='ocrx_word' id='word_1_99' title='bbox 859 1829 915 1906; x_wconf 87' lang='grc'><strong>(1),</strong></span> 
     </span>
     <span class='ocr_line' id='line_1_19' title="bbox 114 1930 837 2003; baseline -0.004 -13"><span class='ocrx_word' id='word_1_100' title='bbox 114 1932 143 1990; x_wconf 87' lang='grc'>11</span> <span class='ocrx_word' id='word_1_101' title='bbox 163 1931 299 1999; x_wconf 87' lang='lat' dir='ltr'>concludi,</span> <span class='ocrx_word' id='word_1_102' title='bbox 321 1930 473 1990; x_wconf 88' lang='lat' dir='ltr'>humanam</span> <span class='ocrx_word' id='word_1_103' title='bbox 496 1932 663 2003; x_wconf 90' lang='lat' dir='ltr'>sapientiam</span> <span class='ocrx_word' id='word_1_104' title='bbox 683 1931 714 1987; x_wconf 88' lang='lat' dir='ltr'>in</span> <span class='ocrx_word' id='word_1_105' title='bbox 735 1945 837 1988; x_wconf 90' lang='lat' dir='ltr'>errore.</span> 
     </span>
     <span class='ocr_line' id='line_1_20' title="bbox 194 2025 915 2102; baseline -0.006 -15"><span class='ocrx_word' id='word_1_106' title='bbox 194 2029 435 2102; x_wconf 76' lang='lat' dir='ltr'>Cernensigitur,</span> <span class='ocrx_word' id='word_1_107' title='bbox 456 2028 557 2086; x_wconf 89' lang='lat' dir='ltr'>horum</span> <span class='ocrx_word' id='word_1_108' title='bbox 578 2028 768 2100; x_wconf 88' lang='lat' dir='ltr'>implicatione</span> <span class='ocrx_word' id='word_1_109' title='bbox 788 2025 915 2085; x_wconf 90' lang='lat' dir='ltr'>morbum</span> 
     </span>
     <span class='ocr_line' id='line_1_21' title="bbox 113 2125 917 2201; baseline -0.007 -14"><span class='ocrx_word' id='word_1_110' title='bbox 113 2145 171 2187; x_wconf 92' lang='lat' dir='ltr'>non</span> <span class='ocrx_word' id='word_1_111' title='bbox 192 2129 288 2186; x_wconf 89' lang='lat' dir='ltr'>sanari</span> <span class='ocrx_word' id='word_1_112' title='bbox 303 2128 358 2201; x_wconf 81' lang='grc'><strong>(2),</strong></span> <span class='ocrx_word' id='word_1_113' title='bbox 380 2127 428 2185; x_wconf 88' lang='grc'>111</span> <span class='ocrx_word' id='word_1_114' title='bbox 453 2126 559 2185; x_wconf 88' lang='lat' dir='ltr'>differri</span> <span class='ocrx_word' id='word_1_115' title='bbox 590 2126 742 2184; x_wconf 90' lang='lat' dir='ltr'>remedium</span> <span class='ocrx_word' id='word_1_116' title='bbox 762 2125 791 2183; x_wconf 91' lang='lat' dir='ltr'>et</span> <span class='ocrx_word' id='word_1_117' title='bbox 818 2125 917 2198; x_wconf 84' lang='lat' dir='ltr'>augeri</span> 
     </span>
     <span class='ocr_line' id='line_1_22' title="bbox 115 2221 917 2300; baseline -0.009 -15"><span class='ocrx_word' id='word_1_118' title='bbox 115 2227 280 2300; x_wconf 85' lang='lat' dir='ltr'>periculum,</span> <span class='ocrx_word' id='word_1_119' title='bbox 311 2226 347 2284; x_wconf 89' lang='lat' dir='ltr'>ad</span> <span class='ocrx_word' id='word_1_120' title='bbox 376 2224 569 2297; x_wconf 88' lang='lat' dir='ltr'>philosophiae</span> <span class='ocrx_word' id='word_1_121' title='bbox 596 2223 712 2283; x_wconf 88' lang='lat' dir='ltr'>moralis</span> <span class='ocrx_word' id='word_1_122' title='bbox 740 2240 783 2281; x_wconf 90' lang='lat' dir='ltr'>me</span> <span class='ocrx_word' id='word_1_123' title='bbox 809 2221 917 2282; x_wconf 89' lang='lat' dir='ltr'>contuli</span> 
     </span>
     <span class='ocr_line' id='line_1_23' title="bbox 115 2316 918 2392; baseline -0.007 -14"><span class='ocrx_word' id='word_1_124' title='bbox 115 2320 302 2392; x_wconf 88' lang='lat' dir='ltr'>disciplinam,</span> <span class='ocrx_word' id='word_1_125' title='bbox 314 2319 450 2392; x_wconf 87' lang='lat' dir='ltr'>didicique</span> <span class='ocrx_word' id='word_1_126' title='bbox 464 2319 503 2376; x_wconf 93' lang='lat' dir='ltr'>ibi</span> <span class='ocrx_word' id='word_1_127' title='bbox 522 2318 670 2376; x_wconf 78' lang='lat' dir='ltr'>«virtutes</span> <span class='ocrx_word' id='word_1_128' title='bbox 683 2318 712 2375; x_wconf 93' lang='lat' dir='ltr'>in</span> <span class='ocrx_word' id='word_1_129' title='bbox 728 2316 816 2375; x_wconf 90' lang='lat' dir='ltr'>medio</span> <span class='ocrx_word' id='word_1_130' title='bbox 830 2316 918 2374; x_wconf 90' lang='lat' dir='ltr'>consi·</span> 
     </span>
     <span class='ocr_line' id='line_1_24' title="bbox 115 2414 918 2493; baseline -0.009 -16"><span class='ocrx_word' id='word_1_131' title='bbox 115 2419 191 2477; x_wconf 87' lang='lat' dir='ltr'>stare</span> <span class='ocrx_word' id='word_1_132' title='bbox 206 2417 251 2493; x_wconf 89' lang='lat'>(3)</span> <span class='ocrx_word' id='word_1_133' title='bbox 266 2440 295 2487; x_wconf 68' lang='grc'>1,</span> <span class='ocrx_word' id='word_1_134' title='bbox 310 2416 431 2476; x_wconf 83' lang='lat' dir='ltr'>virtutes</span> <span class='ocrx_word' id='word_1_135' title='bbox 445 2416 571 2476; x_wconf 85' lang='lat' dir='ltr'>heroicas</span> <span class='ocrx_word' id='word_1_136' title='bbox 582 2415 687 2474; x_wconf 90' lang='lat' dir='ltr'>arduas</span> <span class='ocrx_word' id='word_1_137' title='bbox 698 2432 767 2485; x_wconf 89' lang='lat' dir='ltr'>osse,</span> <span class='ocrx_word' id='word_1_138' title='bbox 782 2414 818 2473; x_wconf 92' lang='lat' dir='ltr'>ad</span> <span class='ocrx_word' id='word_1_139' title='bbox 833 2414 918 2471; x_wconf 89' lang='lat' dir='ltr'>finem</span> 
     </span>
     <span class='ocr_line' id='line_1_25' title="bbox 115 2514 919 2586; baseline -0.007 -11"><span class='ocrx_word' id='word_1_140' title='bbox 115 2516 261 2585; x_wconf 83' lang='lat' dir='ltr'>felicitatis</span> <span class='ocrx_word' id='word_1_141' title='bbox 276 2517 369 2575; x_wconf 88' lang='lat' dir='ltr'>omnia</span> <span class='ocrx_word' id='word_1_142' title='bbox 383 2516 528 2586; x_wconf 88' lang='lat' dir='ltr'>ordinaro;</span> <span class='ocrx_word' id='word_1_143' title='bbox 545 2515 602 2584; x_wconf 90' lang='lat' dir='ltr'>sod,</span> <span class='ocrx_word' id='word_1_144' title='bbox 617 2514 676 2573; x_wconf 85' lang='lat' dir='ltr'>sive</span> <span class='ocrx_word' id='word_1_145' title='bbox 689 2514 719 2571; x_wconf 93' lang='lat' dir='ltr'>in</span> <span class='ocrx_word' id='word_1_146' title='bbox 730 2529 845 2586; x_wconf 84' lang='lat' dir='ltr'>corpore</span> <span class='ocrx_word' id='word_1_147' title='bbox 860 2514 919 2570; x_wconf 90' lang='lat' dir='ltr'>sivo</span> 
     </span>
    </p>
   </div>
   <div class='ocr_carea' id='block_1_7' title="bbox 179 2766 877 2989">
    <p class='ocr_par' dir='ltr' id='par_1_7' title="bbox 179 2766 877 2989">
     <span class='ocr_line' id='line_1_26' title="bbox 182 2766 378 2827; baseline -0.015 -13"><span class='ocrx_word' id='word_1_148' title='bbox 182 2766 378 2827; x_wconf 52' lang='lat' dir='ltr'>Ufflffiffi</span> 
     </span>
     <span class='ocr_line' id='line_1_27' title="bbox 179 2844 877 2903; baseline -0.001 -10"><span class='ocrx_word' id='word_1_149' title='bbox 179 2848 204 2903; x_wconf 79' lang='grc'>21</span> <span class='ocrx_word' id='word_1_150' title='bbox 222 2846 271 2895; x_wconf 81' lang='lat' dir='ltr'>Gir.</span> <span class='ocrx_word' id='word_1_151' title='bbox 288 2846 387 2903; x_wconf 71' lang='lat' dir='ltr'>Bonan,</span> <span class='ocrx_word' id='word_1_152' title='bbox 408 2844 497 2892; x_wconf 78' lang='lat' dir='ltr'>Oollart.</span> <span class='ocrx_word' id='word_1_153' title='bbox 515 2844 542 2890; x_wconf 82' lang='lat' dir='ltr'>in</span> <span class='ocrx_word' id='word_1_154' title='bbox 560 2844 690 2903; x_wconf 66' lang='lat' dir='ltr'>Heaeodm,</span> <span class='ocrx_word' id='word_1_155' title='bbox 708 2844 750 2891; x_wconf 78' lang='lat' dir='ltr'>vll</span> <span class='ocrx_word' id='word_1_156' title='bbox 767 2858 792 2892; x_wconf 89' lang='lat' dir='ltr'>n.</span> <span class='ocrx_word' id='word_1_157' title='bbox 809 2845 824 2892; x_wconf 81' lang='lat'>9</span> <span class='ocrx_word' id='word_1_158' title='bbox 841 2857 877 2902; x_wconf 82' lang='lat' dir='ltr'>sq.</span> 
     </span>
     <span class='ocr_line' id='line_1_28' title="bbox 181 2926 548 2989; baseline -0.005 -14"><span class='ocrx_word' id='word_1_159' title='bbox 181 2927 206 2989; x_wconf 84' lang='lat'>8)</span> <span class='ocrx_word' id='word_1_160' title='bbox 224 2926 310 2987; x_wconf 77' lang='lat' dir='ltr'>Arist,</span> <span class='ocrx_word' id='word_1_161' title='bbox 329 2926 359 2973; x_wconf 88' lang='grc' dir='ltr'>ΙΙ</span> <span class='ocrx_word' id='word_1_162' title='bbox 373 2926 467 2983; x_wconf 70' lang='lat' dir='ltr'>dilicta,</span> <span class='ocrx_word' id='word_1_163' title='bbox 484 2940 506 2972; x_wconf 85' lang='lat' dir='ltr'>c.</span> <span class='ocrx_word' id='word_1_164' title='bbox 524 2928 548 2973; x_wconf 86' lang='lat'>6.</span> 
     </span>
    </p>
   </div>
   <div class='ocr_carea' id='block_1_8' title="bbox 0 0 1159 3484">
    <p class='ocr_par' dir='ltr' id='par_1_8' title="bbox 0 0 1159 3484">
     <span class='ocr_line' id='line_1_29' title="bbox 0 0 1159 3484; baseline 0 0"><span class='ocrx_word' id='word_1_165' title='bbox 0 0 1159 3484; x_wconf 95' lang='lat' dir='ltr'> </span> 
     </span>
    </p>
   </div>
  </div>
 </body>
</html>
