2284 3484
226 231 264 288 78
488 248 629 290 sonuum
649 248 765 290 uosrs.

225 437 345 494 matroni
377 437 430 494 Dei
456 438 487 494 et
512 439 625 496 invenio
652 437 747 509 sputa,
776 436 890 510 flagella
917 437 947 492 et
969 436 1028 494 rul-

225 552 304 603 nora,
325 536 392 608 quia
412 535 475 594 tota
495 552 526 592 es
546 551 683 593 conuersa
702 536 732 592 iu
755 534 822 614 ista.
849 532 1028 592 Oamaritu·

225 633 290 691 diue
309 633 405 705 plena,
425 633 493 705 quid
523 633 636 690 nenti?
655 631 713 690 Gur
732 649 785 690 uas
806 631 970 696 sanctitatis
991 631 1028 690 ie

224 732 290 789 cisti
303 748 355 789 uas
372 731 577 803 poenalitatis?
590 729 614 788 0
628 730 749 798 domina,
764 747 850 803 quare
864 747 921 788 non
935 747 966 788 cs
987 747 1028 788 so·

224 829 323 886 litaria
342 830 373 886 iu
392 845 505 886 camora
524 829 597 906 tua?
610 828 703 898 Quare
722 828 759 886 ad
774 828 921 886 Galrariae
934 829 1028 886 locum

225 927 327 983 ivisti?
346 925 411 984 Nou
432 926 478 983 est
490 926 542 983 tua
560 925 743 995 consuetudo,
763 925 885 993 domina,
899 925 936 983 ad
958 924 1029 984 talia

226 1023 388 1095 spectacula
408 1038 571 1096 properare.
592 1023 650 1080 Gur
671 1025 698 1080 ta
724 1038 780 1081 nou
807 1023 926 1080 retinuit
953 1039 1029 1080 verc-

226 1120 328 1178 cundia
348 1121 524 1193 virginalis?
536 1121 595 1177 Gur
614 1121 642 1176 te
662 1137 718 1178 non
734 1119 852 1177 retinuit
867 1136 957 1191 pauor
970 1137 1029 1176 rnu-

226 1218 345 1276 liebris?
365 1218 423 1276 Cur
436 1219 465 1275 tc
479 1235 534 1276 non
557 1218 676 1275 retinuit
689 1217 790 1276 horror
803 1218 958 1276 facinoris?
973 1217 1029 1276 Gur

226 1317 255 1373 tc
276 1331 332 1374 uou
352 1316 473 1373 retinuit
492 1315 641 1388 turpitudo
661 1315 736 1373 loci?
757 1315 813 1372 Cur
833 1315 862 1372 te
882 1331 939 1373 uon
961 1315 1030 1372 reti-

226 1413 291 1470 uuit
310 1412 464 1470 multitudo
483 1413 589 1486 uulgi?
616 1413 673 1470 Cur
700 1413 729 1469 tc
757 1429 813 1470 non
842 1411 963 1469 retinuit
983 1412 1030 1470 de·

226 1511 344 1568 testatio
358 1511 448 1568 mali?
465 1511 522 1568 Cur
536 1513 564 1567 te
578 1526 634 1569 non
656 1509 774 1567 retinuit
794 1511 926 1567 clamoris
947 1509 1030 1567 vehe-

226 1595 352 1664 mentia?
372 1607 431 1665 (tur
450 1608 479 1664 to
497 1624 553 1665 non
578 1608 697 1665 retinuit
717 1607 869 1665 stultorum
892 1607 1030 1664 vesania?

228 1703 285 1761 Gur
301 1705 329 1763 te
343 1722 400 1763 non
413 1705 533 1762 retinuit
546 1705 788 1764 daemoniacorum
802 1704 938 1761 caterua?
952 1704 1030 1761 Haec

227 1817 284 1859 non
308 1802 503 1870 considerasti,
528 1802 651 1875 domina,
678 1803 744 1874 quia
775 1817 821 1860 cor
852 1801 934 1858 tuum
967 1801 1030 1859 erat

226 1899 381 1955 alienatum
402 1915 420 1956 a
439 1899 469 1956 te
489 1917 558 1971 prae
578 1899 682 1967 dolore,
703 1916 758 1957 uou
784 1899 897 1956 cresin
920 1899 958 1968 te,
981 1899 1029 1956 scd

227 1996 256 2051 in
278 1995 429 2053 afflictione
448 1997 522 2062 Filii,
548 1996 597 2053 sed
624 1998 653 2053 in
682 1996 845 2054 uulneribus
872 1998 957 2065 unici,
981 1997 1029 2054 scd

228 2093 257 2148 in
274 2092 365 2150 morte
384 2093 491 2151 dilecti.
512 2093 577 2152 Non
597 2093 793 2152 considerabat
812 2093 955 2151 cortuum
971 2095 1030 2151 vul-

227 2205 291 2261 gus,
312 2189 361 2246 sod
381 2191 501 2259 uulnus;
528 2207 585 2248 non
614 2207 785 2262 pressuram,
814 2191 863 2247 sed
890 2189 1028 2260 fixuram3
1114 2195 1115 2270 i

227 2303 284 2344 nou
304 2286 465 2354 clamorem,
486 2288 535 2345 sed
555 2289 689 2357 liuorem3
718 2303 774 2346 non
797 2287 952 2356 horrorem,
981 2288 1030 2345 sed
1114 2273 1115 2316 ³

227 2383 360 2442 dolorem.
381 2384 541 2452 severiore,
555 2386 678 2454 domina,
696 2386 732 2443 ad
752 2387 843 2444 locum
865 2386 1029 2457 pristinum,

227 2498 265 2539 ue
282 2498 345 2539 cum
363 2484 543 2553 percussione
557 2483 681 2554 pastoris
703 2484 731 2540 te
745 2484 829 2541 etiam
851 2482 1029 2541 amittamus.

227 2577 285 2636 Cur
304 2580 334 2636 in
361 2596 419 2636 una
445 2579 517 2637 hora
545 2579 666 2652 utroque
696 2581 842 2652 privamur
872 2582 1030 2654 regimine?

227 2674 293 2732 Non
313 2675 359 2733 est
378 2676 558 2744 consuetudo,
571 2677 693 2745 domina,
715 2679 846 2736 mulieres
865 2678 917 2736 tali
939 2679 1030 2738 morte

226 2772 364 2842 damnari,
387 2790 438 2832 nec
457 2774 501 2831 est
522 2789 574 2846 pro
595 2774 632 2842 te,
654 2775 776 2845 domina,
797 2776 940 2834 sententia
966 2793 1030 2849 pro·

227 2870 367 2943 mulgata.
