2284 3484
210 219 249 276 80
473 234 616 276 seimus
638 233 752 275 erroris.

209 425 240 481 ei
259 441 276 482 a
297 424 348 483 tuo
368 424 440 482 Filio
461 440 603 496 soporare,
624 423 658 479 ui
671 423 755 480 aiioui
769 437 802 479 oa
822 420 942 486 tribuas,
957 421 1014 478 sai·

209 520 277 590 iom,
299 522 420 590 domina,
441 521 501 578 iliis
521 521 684 594 ignominiis
705 519 733 576 ei
754 518 919 576 vulneribus
939 517 1014 574 indi·

208 621 377 693 gnissimum
399 637 442 677 mo
462 621 609 691 coniunge,
631 618 664 676 ui
685 617 736 674 iibi
756 617 786 675 oi
805 616 854 674 tuo
876 615 947 674 Filio
973 615 1013 671 sit

210 717 343 775 solatium
359 717 463 775 socium
477 716 581 774 habero
596 731 758 788 poenorum.
773 713 796 773 Ο
810 731 894 787 quam
910 712 1012 771 bosius

208 831 308 882 essem,
330 816 355 872 si
376 830 486 886 possem
509 814 589 872 vobis
610 813 712 871 saitem
730 813 759 870 in
780 812 945 872 vulneribus
970 825 1012 868 so

208 913 293 970 oiari!
315 911 390 969 Nam
411 911 478 985 quid
499 911 581 970 hodie
609 912 700 968 maius
725 910 778 978 osi,
799 910 911 968 domina
939 924 1010 975 mes,

208 1026 293 1082 quam
312 1008 417 1067 habere
430 1025 478 1068 oor
497 1009 609 1066 unitum
625 1009 701 1067 oordi
718 1008 767 1066 iuo
788 1007 888 1080 operio
902 1006 931 1064 ei
944 1006 1010 1064 Filii

208 1106 251 1164 tui
264 1108 375 1178 eorpori
389 1105 552 1179 perforato?
565 1105 667 1164 Nonne
681 1105 820 1164 corisum
837 1103 951 1176 pienum
965 1101 1011 1160 osi

207 1203 323 1277 gratia?
343 1202 391 1272 st,
412 1205 437 1261 si
457 1202 589 1275 apertum
613 1203 666 1275 osi,
688 1202 824 1275 quomodo
844 1200 895 1258 illa
915 1199 1011 1272 graiis

208 1317 263 1359 non
283 1301 408 1358 decurrit
433 1302 462 1358 in
490 1317 539 1358 oor
565 1299 618 1358 sibi
646 1299 779 1357 uniium?
806 1297 853 1366 iii,
874 1298 899 1354 si
919 1297 1011 1354 Filius

207 1397 276 1455 inus
296 1398 389 1470 gloria
409 1398 454 1455 osi
474 1397 631 1464 beatorum,
646 1397 792 1470 quomodo,
811 1398 833 1453 si
849 1394 1011 1468 perioraius

207 1494 260 1561 esi,
275 1510 331 1552 non
351 1494 466 1552 emanet
482 1494 598 1553 dulcedo
612 1494 690 1552 illius
710 1495 817 1567 gloriae
837 1495 867 1550 in
888 1509 935 1551 oor
956 1491 1011 1548 sibi

206 1591 407 1649 ooniunoium?
421 1591 481 1649 Neo
501 1593 575 1649 onim
590 1591 719 1664 intelligo
732 1591 816 1648 aliter
836 1605 917 1663 posse
939 1606 1009 1658 esse,

207 1687 256 1744 sod
276 1688 370 1756 iimeo,
384 1689 457 1761 quod
479 1689 600 1747 multum
617 1705 714 1746 sumus
729 1687 880 1760 aliquando
893 1704 911 1744 a
924 1687 1009 1760 longo

207 1785 236 1842 ei
255 1786 395 1843 credimus
415 1803 475 1843 esse
497 1802 594 1858 propo.

286 1880 310 1939 Ο
329 1883 443 1940 domina
463 1899 532 1951 moe,
553 1899 641 1955 quare
662 1881 730 1939 mihi
751 1882 825 1956 quod
856 1882 921 1954 poio
950 1898 1008 1940 non

207 1979 334 2037 tribuis?
353 1981 382 2037 Si
403 1980 432 2038 ie
445 1979 556 2052 offendi,
579 1997 630 2052 pro
651 1981 761 2060 iustiiia
775 1997 822 2038 oor
842 1996 933 2037 meum
949 1981 1010 2038 vui-

207 2093 293 2146 nora3
316 2079 340 2134 si
361 2078 413 2135 iibi
434 2079 547 2147 serviri,
568 2095 644 2136 nuno
658 2095 709 2151 pro
730 2078 854 2136 mercede
868 2078 933 2150 peio
948 2079 1009 2137 vui·

205 2191 283 2232 nora.
305 2174 349 2230 Er
365 2175 413 2232 ubi
433 2175 488 2244 osi,
509 2175 631 2245 domino,
646 2176 694 2234 ubi
708 2176 752 2234 esi
774 2175 864 2248 peras
885 2175 945 2244 ina,
959 2175 1009 2234 ubi

205 2272 250 2329 esi
270 2272 408 2328 immonsa
427 2273 576 2330 elementia
597 2274 668 2330 ine?
688 2273 780 2342 Quare
800 2272 876 2331 isoio
890 2289 921 2330 es
938 2273 1009 2330 mihi

205 2368 338 2436 erudelis,
358 2385 430 2440 quae
451 2386 561 2443 semper
583 2369 662 2428 suisti
683 2370 826 2444 benigna?
846 2370 937 2440 Quare
965 2370 1009 2428 ia·

204 2465 251 2523 oia
271 2482 301 2523 es
322 2465 391 2523 mihi
417 2483 514 2537 avora,
536 2485 607 2540 quao
635 2485 744 2541 semper
775 2467 855 2526 fuisti
880 2468 1008 2526 liberalis

205 2563 235 2621 oi
261 2564 364 2636 larga?
391 2564 456 2622 Non
488 2566 554 2637 poio
585 2582 602 2623 a
628 2565 666 2634 io,
691 2567 813 2635 domina,
842 2567 928 2636 solon
956 2583 1008 2624 noo

205 2660 306 2729 sidera,
329 2662 377 2718 sed
397 2662 463 2734 peto
484 2664 612 2721 vulnera.
627 2663 699 2732 Quid
719 2664 764 2720 esi
784 2664 845 2732 hoo,
868 2665 892 2721 si
913 2665 953 2722 sio
972 2664 1007 2721 de

203 2757 269 2816 istis
289 2760 454 2818 vulneribus
474 2777 505 2818 os
524 2763 634 2819 avara?
651 2761 809 2831 Auianio,
831 2762 953 2830 domina,
967 2764 1007 2819 ri-

203 2856 264 2913 ram
277 2857 389 2916 auferas
400 2859 573 2932 corporalem
582 2859 640 2942 grui
653 2877 801 2920 cor-meum
814 2863 942 2920 vulnero.
954 2859 1007 2919 Ve-
