<?xml version="1.0" encoding="UTF-8"?>
<!DOCTYPE html PUBLIC "-//W3C//DTD XHTML 1.0 Transitional//EN"
    "http://www.w3.org/TR/xhtml1/DTD/xhtml1-transitional.dtd">
<html xmlns="http://www.w3.org/1999/xhtml" xml:lang="en" lang="en">
 <head>
  <title>
</title>
<meta http-equiv="Content-Type" content="text/html;charset=utf-8" />
  <meta name='ocr-system' content='tesseract 3.04.00' />
  <meta name='ocr-capabilities' content='ocr_page ocr_carea ocr_par ocr_line ocrx_word'/>
</head>
<body>
  <div class='ocr_page' id='page_1' title='image "bibliothecafran00romgoog_0188.png"; bbox 0 0 2284 3484; ppageno 0'>
   <div class='ocr_carea' id='block_1_1' title="bbox 227 274 890 333">
    <p class='ocr_par' dir='ltr' id='par_1_1' title="bbox 227 274 890 333">
     <span class='ocr_line' id='line_1_1' title="bbox 227 274 890 333; baseline 0.002 -2"><span class='ocrx_word' id='word_1_1' title='bbox 227 288 370 333; x_wconf 76' lang='lat' dir='ltr'><strong>ornarem</strong></span> <span class='ocrx_word' id='word_1_2' title='bbox 391 290 527 332; x_wconf 80' lang='lat' dir='ltr'><strong>rnornnrs</strong></span> <span class='ocrx_word' id='word_1_3' title='bbox 548 290 601 333; x_wconf 82' lang='lat' dir='ltr'><strong>rao</strong></span> <span class='ocrx_word' id='word_1_4' title='bbox 622 291 750 333; x_wconf 81' lang='lat' dir='ltr'><strong>omnmo.</strong></span> <span class='ocrx_word' id='word_1_5' title='bbox 834 274 890 333; x_wconf 88' lang='lat'><strong>163</strong></span> 
     </span>
    </p>
   </div>
   <div class='ocr_carea' id='block_1_2' title="bbox 91 480 897 1829">
    <p class='ocr_par' dir='ltr' id='par_1_2' title="bbox 91 480 893 931">
     <span class='ocr_line' id='line_1_2' title="bbox 91 480 892 555; baseline 0.004 -18"><span class='ocrx_word' id='word_1_6' title='bbox 91 480 176 538; x_wconf 81' lang='lat' dir='ltr'><strong>cuins</strong></span> <span class='ocrx_word' id='word_1_7' title='bbox 197 496 248 553; x_wconf 72' lang='lat' dir='ltr'><strong>eqo</strong></span> <span class='ocrx_word' id='word_1_8' title='bbox 269 496 329 537; x_wconf 79' lang='lat' dir='ltr'><strong>oon</strong></span> <span class='ocrx_word' id='word_1_9' title='bbox 348 496 413 538; x_wconf 83' lang='lat' dir='ltr'><strong>sam</strong></span> <span class='ocrx_word' id='word_1_10' title='bbox 434 480 541 554; x_wconf 68' lang='lat' dir='ltr'><strong>diones</strong></span> <span class='ocrx_word' id='word_1_11' title='bbox 555 484 590 539; x_wconf 81' lang='lat' dir='ltr'><strong>nl</strong></span> <span class='ocrx_word' id='word_1_12' title='bbox 602 480 714 539; x_wconf 80' lang='lat' dir='ltr'><strong>solvam</strong></span> <span class='ocrx_word' id='word_1_13' title='bbox 731 483 892 555; x_wconf 70' lang='lat' dir='ltr'><strong>corrieiem</strong></span> 
     </span>
     <span class='ocr_line' id='line_1_3' title="bbox 91 578 893 653; baseline 0.002 -18"><span class='ocrx_word' id='word_1_14' title='bbox 91 578 286 636; x_wconf 78' lang='lat' dir='ltr'><em>calceamenti.</em></span> <span class='ocrx_word' id='word_1_15' title='bbox 308 578 391 646; x_wconf 88' lang='lat' dir='ltr'><strong>Item,</strong></span> <span class='ocrx_word' id='word_1_16' title='bbox 413 579 535 637; x_wconf 80' lang='lat' dir='ltr'><strong>Actnum</strong></span> <span class='ocrx_word' id='word_1_17' title='bbox 559 578 596 636; x_wconf 84' lang='lat'><strong>12</strong></span> <span class='ocrx_word' id='word_1_18' title='bbox 614 578 658 653; x_wconf 85' lang='grc'><strong>(1)</strong></span> <span class='ocrx_word' id='word_1_19' title='bbox 680 580 751 636; x_wconf 83' lang='lat' dir='ltr'><strong>dixit</strong></span> <span class='ocrx_word' id='word_1_20' title='bbox 774 581 893 651; x_wconf 83' lang='lat' dir='ltr'><strong>angelus</strong></span> 
     </span>
     <span class='ocr_line' id='line_1_4' title="bbox 92 674 892 752; baseline 0.003 -19"><span class='ocrx_word' id='word_1_21' title='bbox 92 677 193 735; x_wconf 90' lang='lat' dir='ltr'><strong>Petro:</strong></span> <span class='ocrx_word' id='word_1_22' title='bbox 210 674 314 735; x_wconf 80' lang='lat' dir='ltr'><strong>Oelcec</strong></span> <span class='ocrx_word' id='word_1_23' title='bbox 333 680 358 733; x_wconf 82' lang='lat' dir='ltr'><strong>le</strong></span> <span class='ocrx_word' id='word_1_24' title='bbox 368 676 479 749; x_wconf 72' lang='lat' dir='ltr'><strong>colicos</strong></span> <span class='ocrx_word' id='word_1_25' title='bbox 494 679 576 747; x_wconf 57' lang='lat' dir='ltr'><strong>leam</strong></span> <span class='ocrx_word' id='word_1_26' title='bbox 590 677 627 734; x_wconf 90' lang='lat' dir='ltr'><strong>ibi</strong></span> <span class='ocrx_word' id='word_1_27' title='bbox 642 677 709 735; x_wconf 87' lang='lat' dir='ltr'><strong>dicit</strong></span> <span class='ocrx_word' id='word_1_28' title='bbox 722 678 818 751; x_wconf 85' lang='lat' dir='ltr'>glossa</span> <span class='ocrx_word' id='word_1_29' title='bbox 830 679 892 752; x_wconf 84' lang='lat'>(2):</span> 
     </span>
     <span class='ocr_line' id='line_1_5' title="bbox 96 774 892 849; baseline 0.008 -22"><span class='ocrx_word' id='word_1_30' title='bbox 96 775 236 848; x_wconf 69' lang='lat' dir='ltr'><strong>«angelo</strong></span> <span class='ocrx_word' id='word_1_31' title='bbox 264 774 386 841; x_wconf 87' lang='lat' dir='ltr'><strong>iubente,</strong></span> <span class='ocrx_word' id='word_1_32' title='bbox 415 775 545 847; x_wconf 86' lang='lat' dir='ltr'><strong>apostolo</strong></span> <span class='ocrx_word' id='word_1_33' title='bbox 569 777 713 847; x_wconf 73' lang='lat' dir='ltr'>implente,</span> <span class='ocrx_word' id='word_1_34' title='bbox 736 778 892 849; x_wconf 81' lang='lat' dir='ltr'><strong>exemplum</strong></span> 
     </span>
     <span class='ocr_line' id='line_1_6' title="bbox 93 872 774 931; baseline 0.003 -2"><span class='ocrx_word' id='word_1_35' title='bbox 93 872 178 931; x_wconf 89' lang='lat' dir='ltr'><strong>datur</strong></span> <span class='ocrx_word' id='word_1_36' title='bbox 198 888 253 931; x_wconf 90' lang='lat' dir='ltr'><strong>non</strong></span> <span class='ocrx_word' id='word_1_37' title='bbox 275 872 438 930; x_wconf 88' lang='lat' dir='ltr'><strong>ambulandi</strong></span> <span class='ocrx_word' id='word_1_38' title='bbox 459 874 518 930; x_wconf 88' lang='lat' dir='ltr'><strong>sino</strong></span> <span class='ocrx_word' id='word_1_39' title='bbox 539 873 774 931; x_wconf 72' lang='lat' dir='ltr'><strong>calceamentis».</strong></span> 
     </span>
    </p>

    <p class='ocr_par' dir='ltr' id='par_1_3' title="bbox 93 970 897 1829">
     <span class='ocr_line' id='line_1_7' title="bbox 173 970 895 1045; baseline 0.004 -18"><span class='ocrx_word' id='word_1_40' title='bbox 173 971 227 1028; x_wconf 90' lang='lat' dir='ltr'><strong>His</strong></span> <span class='ocrx_word' id='word_1_41' title='bbox 240 970 345 1028; x_wconf 84' lang='lat' dir='ltr'><strong>auditis</strong></span> <span class='ocrx_word' id='word_1_42' title='bbox 359 970 431 1027; x_wconf 86' lang='lat' dir='ltr'><strong>dixit</strong></span> <span class='ocrx_word' id='word_1_43' title='bbox 441 970 537 1029; x_wconf 82' lang='lat' dir='ltr'><strong>Senior</strong></span> <span class='ocrx_word' id='word_1_44' title='bbox 549 971 610 1045; x_wconf 86' lang='lat'>(3):</span> <span class='ocrx_word' id='word_1_45' title='bbox 625 972 702 1029; x_wconf 86' lang='lat' dir='ltr'><strong>Haec</strong></span> <span class='ocrx_word' id='word_1_46' title='bbox 716 972 840 1044; x_wconf 77' lang='lat' dir='ltr'><strong>possent,</strong></span> <span class='ocrx_word' id='word_1_47' title='bbox 856 974 895 1030; x_wconf 92' lang='lat' dir='ltr'><strong>in·</strong></span> 
     </span>
     <span class='ocr_line' id='line_1_8' title="bbox 93 1069 895 1141; baseline 0.002 -16"><span class='ocrx_word' id='word_1_48' title='bbox 93 1069 164 1140; x_wconf 89' lang='lat' dir='ltr'><strong>quit,</strong></span> <span class='ocrx_word' id='word_1_49' title='bbox 195 1069 341 1141; x_wconf 85' lang='lat' dir='ltr'><strong>imperitos</strong></span> <span class='ocrx_word' id='word_1_50' title='bbox 372 1085 491 1137; x_wconf 86' lang='lat' dir='ltr'><strong>movere,</strong></span> <span class='ocrx_word' id='word_1_51' title='bbox 524 1070 579 1126; x_wconf 88' lang='lat' dir='ltr'><strong>nisi</strong></span> <span class='ocrx_word' id='word_1_52' title='bbox 609 1070 645 1126; x_wconf 88' lang='lat' dir='ltr'><strong>ad</strong></span> <span class='ocrx_word' id='word_1_53' title='bbox 675 1070 770 1127; x_wconf 86' lang='lat' dir='ltr'><strong>lumen</strong></span> <span class='ocrx_word' id='word_1_54' title='bbox 800 1071 895 1129; x_wconf 88' lang='lat' dir='ltr'><strong>oeulos</strong></span> 
     </span>
     <span class='ocr_line' id='line_1_9' title="bbox 93 1166 893 1226; baseline 0.001 -1"><span class='ocrx_word' id='word_1_55' title='bbox 93 1166 268 1225; x_wconf 77' lang='lat' dir='ltr'><strong>convertenti</strong></span> <span class='ocrx_word' id='word_1_56' title='bbox 295 1167 370 1225; x_wconf 85' lang='lat' dir='ltr'><strong>osset</strong></span> <span class='ocrx_word' id='word_1_57' title='bbox 399 1184 494 1225; x_wconf 88' lang='lat' dir='ltr'><strong>eorum</strong></span> <span class='ocrx_word' id='word_1_58' title='bbox 526 1168 629 1226; x_wconf 84' lang='lat' dir='ltr'><strong>solutio</strong></span> <span class='ocrx_word' id='word_1_59' title='bbox 654 1169 803 1226; x_wconf 86' lang='lat' dir='ltr'><strong>inianoa.</strong></span> <span class='ocrx_word' id='word_1_60' title='bbox 825 1168 893 1226; x_wconf 81' lang='lat' dir='ltr'><strong>Cum</strong></span> 
     </span>
     <span class='ocr_line' id='line_1_10' title="bbox 94 1265 896 1338; baseline 0.004 -17"><span class='ocrx_word' id='word_1_61' title='bbox 94 1266 167 1321; x_wconf 88' lang='lat' dir='ltr'><strong>enim</strong></span> <span class='ocrx_word' id='word_1_62' title='bbox 199 1265 267 1323; x_wconf 84' lang='lat' dir='ltr'><strong>dicit</strong></span> <span class='ocrx_word' id='word_1_63' title='bbox 294 1265 491 1338; x_wconf 58' lang='lat' dir='ltr'><strong>Augustinus„</strong></span> <span class='ocrx_word' id='word_1_64' title='bbox 514 1265 588 1338; x_wconf 89' lang='lat' dir='ltr'><strong>quod</strong></span> <span class='ocrx_word' id='word_1_65' title='bbox 621 1266 755 1323; x_wconf 85' lang='lat' dir='ltr'><strong>Dominus</strong></span> <span class='ocrx_word' id='word_1_66' title='bbox 785 1268 814 1323; x_wconf 91' lang='lat' dir='ltr'><strong>in</strong></span> <span class='ocrx_word' id='word_1_67' title='bbox 847 1267 896 1325; x_wconf 92' lang='lat' dir='ltr'><strong>illo</strong></span> 
     </span>
     <span class='ocr_line' id='line_1_11' title="bbox 93 1362 896 1437; baseline 0.001 -17"><span class='ocrx_word' id='word_1_68' title='bbox 93 1364 179 1422; x_wconf 86' lang='lat' dir='ltr'><strong>verbo</strong></span> <span class='ocrx_word' id='word_1_69' title='bbox 206 1380 302 1421; x_wconf 88' lang='lat' dir='ltr'><strong>curam</strong></span> <span class='ocrx_word' id='word_1_70' title='bbox 334 1362 473 1435; x_wconf 85' lang='lat' dir='ltr'><strong>prohibet,</strong></span> <span class='ocrx_word' id='word_1_71' title='bbox 494 1362 593 1432; x_wconf 87' lang='lat' dir='ltr'><strong>fateor,</strong></span> <span class='ocrx_word' id='word_1_72' title='bbox 624 1380 719 1420; x_wconf 83' lang='lat' dir='ltr'><strong>rernm</strong></span> <span class='ocrx_word' id='word_1_73' title='bbox 739 1381 815 1433; x_wconf 88' lang='lat' dir='ltr'><strong>esse;</strong></span> <span class='ocrx_word' id='word_1_74' title='bbox 837 1365 896 1437; x_wconf 86' lang='lat' dir='ltr'><strong>pot-</strong></span> 
     </span>
     <span class='ocr_line' id='line_1_12' title="bbox 93 1461 895 1533; baseline -0.002 -12"><span class='ocrx_word' id='word_1_75' title='bbox 93 1462 177 1521; x_wconf 85' lang='lat' dir='ltr'><strong>erant</strong></span> <span class='ocrx_word' id='word_1_76' title='bbox 207 1462 282 1519; x_wconf 84' lang='lat' dir='ltr'><strong>enim</strong></span> <span class='ocrx_word' id='word_1_77' title='bbox 302 1461 425 1533; x_wconf 82' lang='lat' dir='ltr'><strong>apostoli</strong></span> <span class='ocrx_word' id='word_1_78' title='bbox 445 1461 537 1519; x_wconf 89' lang='lat' dir='ltr'><strong>adhuc</strong></span> <span class='ocrx_word' id='word_1_79' title='bbox 563 1461 647 1519; x_wconf 88' lang='lat' dir='ltr'><strong>rudes</strong></span> <span class='ocrx_word' id='word_1_80' title='bbox 675 1463 745 1519; x_wconf 88' lang='lat' dir='ltr'><strong>iussi</strong></span> <span class='ocrx_word' id='word_1_81' title='bbox 770 1463 811 1519; x_wconf 90' lang='lat' dir='ltr'><strong>ire</strong></span> <span class='ocrx_word' id='word_1_82' title='bbox 836 1464 895 1520; x_wconf 90' lang='lat' dir='ltr'><strong>sino</strong></span> 
     </span>
     <span class='ocr_line' id='line_1_13' title="bbox 93 1560 897 1632; baseline 0.001 -14"><span class='ocrx_word' id='word_1_83' title='bbox 93 1561 295 1618; x_wconf 66' lang='lat' dir='ltr'><strong>calceamentis</strong></span> <span class='ocrx_word' id='word_1_84' title='bbox 322 1560 420 1617; x_wconf 85' lang='lat' dir='ltr'><strong>timere</strong></span> <span class='ocrx_word' id='word_1_85' title='bbox 450 1561 602 1618; x_wconf 84' lang='lat' dir='ltr'><strong>laesionem</strong></span> <span class='ocrx_word' id='word_1_86' title='bbox 624 1560 724 1632; x_wconf 86' lang='lat' dir='ltr'><strong>pedum</strong></span> <span class='ocrx_word' id='word_1_87' title='bbox 752 1561 796 1618; x_wconf 83' lang='lat' dir='ltr'><strong>vel</strong></span> <span class='ocrx_word' id='word_1_88' title='bbox 822 1578 897 1619; x_wconf 89' lang='lat' dir='ltr'><strong>occa·</strong></span> 
     </span>
     <span class='ocr_line' id='line_1_14' title="bbox 94 1658 897 1718; baseline -0.001 -1"><span class='ocrx_word' id='word_1_89' title='bbox 94 1661 172 1717; x_wconf 91' lang='lat' dir='ltr'><strong>sione</strong></span> <span class='ocrx_word' id='word_1_90' title='bbox 204 1658 343 1716; x_wconf 88' lang='lat' dir='ltr'><strong>nuditatis</strong></span> <span class='ocrx_word' id='word_1_91' title='bbox 371 1675 465 1717; x_wconf 88' lang='lat' dir='ltr'><strong>eorum</strong></span> <span class='ocrx_word' id='word_1_92' title='bbox 493 1658 688 1715; x_wconf 87' lang='lat' dir='ltr'><strong>infirmitatem</strong></span> <span class='ocrx_word' id='word_1_93' title='bbox 718 1660 806 1717; x_wconf 87' lang='lat' dir='ltr'><strong>totins</strong></span> <span class='ocrx_word' id='word_1_94' title='bbox 836 1677 897 1718; x_wconf 90' lang='lat' dir='ltr'><strong>cor-</strong></span> 
     </span>
     <span class='ocr_line' id='line_1_15' title="bbox 95 1756 895 1829; baseline 0.001 -14"><span class='ocrx_word' id='word_1_95' title='bbox 95 1758 173 1829; x_wconf 86' lang='lat' dir='ltr'><strong>poris</strong></span> <span class='ocrx_word' id='word_1_96' title='bbox 194 1757 344 1816; x_wconf 85' lang='lat' dir='ltr'><strong>formidare</strong></span> <span class='ocrx_word' id='word_1_97' title='bbox 366 1758 394 1814; x_wconf 90' lang='lat' dir='ltr'><strong>et</strong></span> <span class='ocrx_word' id='word_1_98' title='bbox 415 1758 443 1813; x_wconf 93' lang='lat' dir='ltr'><strong>in</strong></span> <span class='ocrx_word' id='word_1_99' title='bbox 466 1756 518 1814; x_wconf 86' lang='lat' dir='ltr'><strong>tali</strong></span> <span class='ocrx_word' id='word_1_100' title='bbox 539 1774 605 1815; x_wconf 88' lang='lat' dir='ltr'><strong>casu</strong></span> <span class='ocrx_word' id='word_1_101' title='bbox 621 1757 673 1814; x_wconf 88' lang='lat' dir='ltr'><strong>sibi</strong></span> <span class='ocrx_word' id='word_1_102' title='bbox 688 1760 826 1829; x_wconf 85' lang='lat' dir='ltr'><strong>suspicari</strong></span> <span class='ocrx_word' id='word_1_103' title='bbox 841 1759 895 1816; x_wconf 83' lang='lat' dir='ltr'><strong>cal·</strong></span> 
     </span>
    </p>
   </div>
   <div class='ocr_carea' id='block_1_3' title="bbox 94 1855 896 2421">
    <p class='ocr_par' dir='ltr' id='par_1_4' title="bbox 94 1855 896 2421">
     <span class='ocr_line' id='line_1_16' title="bbox 94 1855 895 1922; baseline 0 -9"><span class='ocrx_word' id='word_1_104' title='bbox 94 1855 302 1914; x_wconf 77' lang='lat' dir='ltr'><strong>coementorum</strong></span> <span class='ocrx_word' id='word_1_105' title='bbox 325 1856 477 1913; x_wconf 85' lang='lat' dir='ltr'><strong>remedium</strong></span> <span class='ocrx_word' id='word_1_106' title='bbox 498 1856 670 1922; x_wconf 85' lang='lat' dir='ltr'><strong>defuturum,</strong></span> <span class='ocrx_word' id='word_1_107' title='bbox 692 1857 721 1913; x_wconf 89' lang='lat' dir='ltr'><strong>et</strong></span> <span class='ocrx_word' id='word_1_108' title='bbox 748 1858 895 1914; x_wconf 86' lang='lat' dir='ltr'><strong>in&#39;curam</strong></span> 
     </span>
     <span class='ocr_line' id='line_1_17' title="bbox 94 1954 895 2026; baseline 0.001 -15"><span class='ocrx_word' id='word_1_109' title='bbox 94 1971 182 2026; x_wconf 88' lang='lat' dir='ltr'><strong>snper</strong></span> <span class='ocrx_word' id='word_1_110' title='bbox 203 1954 255 2012; x_wconf 88' lang='lat' dir='ltr'><strong>hoc</strong></span> <span class='ocrx_word' id='word_1_111' title='bbox 276 1954 416 2011; x_wconf 89' lang='lat' dir='ltr'><strong>incidisse.</strong></span> <span class='ocrx_word' id='word_1_112' title='bbox 437 1954 598 2026; x_wconf 81' lang='lat' dir='ltr'><strong>llapropter</strong></span> <span class='ocrx_word' id='word_1_113' title='bbox 613 1954 721 2011; x_wconf 87' lang='lat' dir='ltr'><strong>inhibet</strong></span> <span class='ocrx_word' id='word_1_114' title='bbox 734 1972 830 2011; x_wconf 89' lang='lat' dir='ltr'><strong>curam</strong></span> <span class='ocrx_word' id='word_1_115' title='bbox 846 1972 895 2013; x_wconf 87' lang='lat' dir='ltr'><strong>nec</strong></span> 
     </span>
     <span class='ocr_line' id='line_1_18' title="bbox 94 2043 896 2123; baseline 0 -14"><span class='ocrx_word' id='word_1_116' title='bbox 94 2053 170 2110; x_wconf 87' lang='lat' dir='ltr'><strong>hano</strong></span> <span class='ocrx_word' id='word_1_117' title='bbox 191 2052 290 2123; x_wconf 87' lang='lat' dir='ltr'><strong>solam,</strong></span> <span class='ocrx_word' id='word_1_118' title='bbox 312 2043 473 2110; x_wconf 81' lang='lat' dir='ltr'><strong>sedectam</strong></span> <span class='ocrx_word' id='word_1_119' title='bbox 504 2053 590 2109; x_wconf 87' lang='lat' dir='ltr'><strong>etiam</strong></span> <span class='ocrx_word' id='word_1_120' title='bbox 610 2052 759 2120; x_wconf 83' lang='lat' dir='ltr'><strong>deferendi,</strong></span> <span class='ocrx_word' id='word_1_121' title='bbox 781 2052 896 2123; x_wconf 84' lang='lat' dir='ltr'><strong>excepto</strong></span> 
     </span>
     <span class='ocr_line' id='line_1_19' title="bbox 94 2149 896 2223; baseline -0.002 -15"><span class='ocrx_word' id='word_1_122' title='bbox 94 2152 146 2209; x_wconf 93' lang='lat' dir='ltr'><strong>illo</strong></span> <span class='ocrx_word' id='word_1_123' title='bbox 167 2150 347 2208; x_wconf 85' lang='lat' dir='ltr'><strong>calceamenti</strong></span> <span class='ocrx_word' id='word_1_124' title='bbox 369 2167 479 2222; x_wconf 82' lang='lat' dir='ltr'><strong>genero,</strong></span> <span class='ocrx_word' id='word_1_125' title='bbox 501 2149 574 2221; x_wconf 86' lang='lat' dir='ltr'><strong>qood</strong></span> <span class='ocrx_word' id='word_1_126' title='bbox 595 2151 624 2206; x_wconf 93' lang='lat' dir='ltr'><strong>in</strong></span> <span class='ocrx_word' id='word_1_127' title='bbox 650 2150 738 2207; x_wconf 89' lang='lat' dir='ltr'><strong>Marci</strong></span> <span class='ocrx_word' id='word_1_128' title='bbox 759 2150 838 2223; x_wconf 84' lang='grc'>6(4)</span> <span class='ocrx_word' id='word_1_129' title='bbox 861 2150 896 2207; x_wconf 92' lang='lat' dir='ltr'><strong>le·</strong></span> 
     </span>
     <span class='ocr_line' id='line_1_20' title="bbox 94 2248 896 2323; baseline -0.004 -16"><span class='ocrx_word' id='word_1_130' title='bbox 94 2250 176 2323; x_wconf 81' lang='lat' dir='ltr'><strong>gitur</strong></span> <span class='ocrx_word' id='word_1_131' title='bbox 203 2248 289 2307; x_wconf 83' lang='lat' dir='ltr'><strong>fnisse</strong></span> <span class='ocrx_word' id='word_1_132' title='bbox 318 2264 478 2306; x_wconf 86' lang='lat' dir='ltr'><strong>concessum</strong></span> <span class='ocrx_word' id='word_1_133' title='bbox 510 2248 622 2315; x_wconf 87' lang='lat' dir='ltr'><strong>eisdem,</strong></span> <span class='ocrx_word' id='word_1_134' title='bbox 654 2248 755 2305; x_wconf 85' lang='lat' dir='ltr'><strong>ubido</strong></span> <span class='ocrx_word' id='word_1_135' title='bbox 777 2249 896 2305; x_wconf 88' lang='lat' dir='ltr'><strong>Domino</strong></span> 
     </span>
     <span class='ocr_line' id='line_1_21' title="bbox 94 2347 894 2421; baseline -0.004 -15"><span class='ocrx_word' id='word_1_136' title='bbox 94 2348 217 2421; x_wconf 85' lang='lat' dir='ltr'><strong>legitur:</strong></span> <span class='ocrx_word' id='word_1_137' title='bbox 235 2348 389 2419; x_wconf 81' lang='lat' dir='ltr'><strong>Praecepit</strong></span> <span class='ocrx_word' id='word_1_138' title='bbox 409 2348 459 2419; x_wconf 83' lang='lat' dir='ltr'><strong>cis,</strong></span> <span class='ocrx_word' id='word_1_139' title='bbox 481 2364 516 2403; x_wconf 81' lang='lat' dir='ltr'><strong>nc</strong></span> <span class='ocrx_word' id='word_1_140' title='bbox 537 2348 610 2418; x_wconf 79' lang='lat' dir='ltr'><strong>qnid</strong></span> <span class='ocrx_word' id='word_1_141' title='bbox 632 2347 764 2404; x_wconf 81' lang='lat' dir='ltr'><strong>tollerent</strong></span> <span class='ocrx_word' id='word_1_142' title='bbox 785 2348 817 2403; x_wconf 82' lang='lat' dir='ltr'><strong>in</strong></span> <span class='ocrx_word' id='word_1_143' title='bbox 836 2348 894 2418; x_wconf 86' lang='lat' dir='ltr'><strong>oie,</strong></span> 
     </span>
    </p>
   </div>
   <div class='ocr_carea' id='block_1_4' title="bbox 95 2519 258 2528">
    <p class='ocr_par' dir='ltr' id='par_1_5' title="bbox 95 2519 258 2528">
     <span class='ocr_line' id='line_1_22' title="bbox 95 2519 258 2528; baseline -0.018 0"><span class='ocrx_word' id='word_1_144' title='bbox 95 2519 258 2528; x_wconf 44' lang='grc' dir='ltr'><strong>Μ*</strong></span> 
     </span>
    </p>
   </div>
   <div class='ocr_carea' id='block_1_5' title="bbox 96 2632 897 2851">
    <p class='ocr_par' dir='ltr' id='par_1_6' title="bbox 96 2632 897 2851">
     <span class='ocr_line' id='line_1_23' title="bbox 163 2632 274 2679; baseline 0 -1"><span class='ocrx_word' id='word_1_145' title='bbox 163 2633 174 2678; x_wconf 92' lang='lat' dir='ltr'><strong>l</strong></span> <span class='ocrx_word' id='word_1_146' title='bbox 204 2632 232 2679; x_wconf 81' lang='lat' dir='ltr'><strong>V.</strong></span> <span class='ocrx_word' id='word_1_147' title='bbox 251 2633 274 2678; x_wconf 89' lang='lat'><strong>8.</strong></span> 
     </span>
     <span class='ocr_line' id='line_1_24' title="bbox 160 2634 897 2771; baseline -0.004 -12"><span class='ocrx_word' id='word_1_148' title='bbox 160 2634 382 2771; x_wconf 55' lang='lat' dir='ltr'><strong>231nterlinecris</strong></span> <span class='ocrx_word' id='word_1_149' title='bbox 402 2712 427 2758; x_wconf 91' lang='lat' dir='ltr'><strong>in</strong></span> <span class='ocrx_word' id='word_1_150' title='bbox 450 2712 511 2758; x_wconf 89' lang='lat' dir='ltr'><strong>hunc</strong></span> <span class='ocrx_word' id='word_1_151' title='bbox 532 2713 606 2758; x_wconf 86' lang='lat' dir='ltr'><strong>locum</strong></span> <span class='ocrx_word' id='word_1_152' title='bbox 625 2711 678 2769; x_wconf 86' lang='lat' dir='ltr'><strong>(eir.</strong></span> <span class='ocrx_word' id='word_1_153' title='bbox 697 2712 796 2768; x_wconf 67' lang='lat' dir='ltr'><strong>Bonam,</strong></span> <span class='ocrx_word' id='word_1_154' title='bbox 815 2710 897 2769; x_wconf 80' lang='lat' dir='ltr'><strong>Opera</strong></span> 
     </span>
     <span class='ocr_line' id='line_1_25' title="bbox 96 2792 560 2851; baseline -0.004 -10"><span class='ocrx_word' id='word_1_155' title='bbox 96 2794 191 2850; x_wconf 81' lang='lat' dir='ltr'><strong>ornnic,</strong></span> <span class='ocrx_word' id='word_1_156' title='bbox 208 2794 228 2840; x_wconf 89' lang='lat' dir='ltr'><strong>t.</strong></span> <span class='ocrx_word' id='word_1_157' title='bbox 246 2793 299 2839; x_wconf 78' lang='lat' dir='ltr'><strong>vill</strong></span> <span class='ocrx_word' id='word_1_158' title='bbox 316 2807 370 2851; x_wconf 76' lang='lat' dir='ltr'><strong>pag.</strong></span> <span class='ocrx_word' id='word_1_159' title='bbox 389 2792 434 2839; x_wconf 80' lang='lat'><strong>388</strong></span> <span class='ocrx_word' id='word_1_160' title='bbox 451 2794 508 2839; x_wconf 83' lang='lat' dir='ltr'><strong>noia</strong></span> <span class='ocrx_word' id='word_1_161' title='bbox 525 2793 560 2850; x_wconf 84' lang='lat'><strong>4).</strong></span> 
     </span>
    </p>
   </div>
   <div class='ocr_carea' id='block_1_6' title="bbox 161 2871 870 3013">
    <p class='ocr_par' dir='ltr' id='par_1_7' title="bbox 161 2871 870 3013">
     <span class='ocr_line' id='line_1_26' title="bbox 162 2871 870 2935; baseline -0.004 -14"><span class='ocrx_word' id='word_1_162' title='bbox 162 2874 185 2934; x_wconf 81' lang='grc'><strong>3)</strong></span> <span class='ocrx_word' id='word_1_163' title='bbox 204 2874 304 2933; x_wconf 66' lang='lat' dir='ltr'><strong>Bonav.¹</strong></span> <span class='ocrx_word' id='word_1_164' title='bbox 321 2874 415 2933; x_wconf 75' lang='lat' dir='ltr'><strong>Expos.</strong></span> <span class='ocrx_word' id='word_1_165' title='bbox 433 2888 488 2934; x_wconf 80' lang='lat' dir='ltr'><strong>cup.</strong></span> <span class='ocrx_word' id='word_1_166' title='bbox 506 2874 589 2935; x_wconf 70' lang='lat' dir='ltr'><strong>requl.</strong></span> <span class='ocrx_word' id='word_1_167' title='bbox 606 2873 636 2921; x_wconf 77' lang='lat'><strong>1⁴¹.</strong></span> <span class='ocrx_word' id='word_1_168' title='bbox 656 2872 700 2932; x_wconf 61' lang='lat' dir='ltr'><strong>M„</strong></span> <span class='ocrx_word' id='word_1_169' title='bbox 718 2886 740 2918; x_wconf 89' lang='lat' dir='ltr'><strong>c.</strong></span> <span class='ocrx_word' id='word_1_170' title='bbox 757 2871 772 2917; x_wconf 80' lang='grc'><strong>2</strong></span> <span class='ocrx_word' id='word_1_171' title='bbox 789 2885 813 2919; x_wconf 84' lang='lat' dir='ltr'><strong>n.</strong></span> <span class='ocrx_word' id='word_1_172' title='bbox 831 2871 870 2923; x_wconf 79' lang='lat'><strong>21.</strong></span> 
     </span>
     <span class='ocr_line' id='line_1_27' title="bbox 161 2954 275 3013; baseline 0 -12"><span class='ocrx_word' id='word_1_173' title='bbox 161 2954 186 3013; x_wconf 79' lang='lat'><strong>4)</strong></span> <span class='ocrx_word' id='word_1_174' title='bbox 204 2954 233 3001; x_wconf 80' lang='lat' dir='ltr'><strong>V.</strong></span> <span class='ocrx_word' id='word_1_175' title='bbox 251 2955 275 3001; x_wconf 83' lang='lat'><strong>9.</strong></span> 
     </span>
    </p>
   </div>
   <div class='ocr_carea' id='block_1_7' title="bbox 0 0 1154 3484">
    <p class='ocr_par' dir='ltr' id='par_1_8' title="bbox 0 0 1154 3484">
     <span class='ocr_line' id='line_1_28' title="bbox 0 0 1154 3484; baseline 0 0"><span class='ocrx_word' id='word_1_176' title='bbox 0 0 1154 3484; x_wconf 95' lang='lat' dir='ltr'><strong> </strong></span> 
     </span>
    </p>
   </div>
  </div>
 </body>
</html>
