2284 3484
540 784 659 884 §aput
685 785 743 883 g

291 995 369 1070 Quod
390 996 515 1057 mirabile
536 1003 589 1069 eet,
613 996 703 1056 Deum
723 1003 883 1073 gustantem
903 1015 984 1073 poseo

519 1094 649 1154 effectore
670 1093 757 1154 uliud.

318 1302 441 1358 Multum
463 1303 560 1358 mirari
582 1302 723 1367 debe-mue,
738 1303 822 1359 immo
842 1318 895 1359 nos
914 1318 971 1360 non
994 1304 1046 1359 mi·

240 1403 297 1458 ruri
328 1401 469 1467 miremur,
498 1400 635 1472 quomodo
662 1400 744 1458 homo
772 1400 858 1457 semel
885 1400 1047 1472 degustans
1128 1413 1129 1477 l

238 1498 412 1556 dulcedinem
430 1497 480 1556 Dei
503 1499 598 1569 potest
611 1498 648 1555 ab
662 1515 694 1555 ea
709 1498 890 1571 aliquatenus
904 1501 1046 1570 separari,

238 1596 374 1668 quomodo
396 1612 452 1654 non
473 1595 650 1654 obliviscitur
674 1597 767 1654 omnia
787 1613 820 1653 ex
840 1596 979 1654 ebrietate
1000 1599 1048 1654 ni-

239 1696 304 1762 mia,
320 1695 405 1752 etiam
426 1693 566 1752 comedere
588 1693 616 1750 et
637 1694 767 1753 dormire.
782 1693 829 1762 Et,
845 1695 868 1750 si
883 1694 950 1767 quid
965 1695 1048 1752 aliud

239 1792 305 1850 unte
326 1793 419 1863 ipsum
448 1793 581 1864 ponatur,
610 1792 746 1864 quomodo
775 1792 870 1865 potest
897 1793 936 1849 ibi
965 1794 1047 1850 aliud

239 1906 322 1963 quum
345 1906 426 1947 suum
449 1889 681 1961 benignissimum
704 1889 854 1946 Dominum
882 1889 989 1946 intueri
1017 1892 1049 1947 et

238 1988 267 2044 in
289 2004 320 2045 eo
343 2005 452 2044 summe
472 1987 616 2044 dulcedine
642 1986 786 2055 oblectari,
807 2004 870 2044 cum
897 1989 994 2060 ipsum
1017 1990 1047 2046 in
1128 2041 1129 2048 ,

239 2085 369 2143 omnibns
390 2085 462 2142 sciat
482 2101 542 2142 esse
556 2086 586 2142 et
603 2086 630 2140 in
647 2084 776 2143 omnibus
790 2085 886 2142 ualeat
906 2086 1048 2154 inveniro,
1128 2070 1129 2093 ³

239 2184 272 2241 ut
293 2185 321 2240 in
343 2184 472 2241 omnibus
493 2183 660 2255 requiescat.
682 2182 808 2255 quoam
830 2184 924 2241 bonus
945 2184 1050 2242 Israel

239 2283 321 2339 Deus
348 2282 404 2353 hie,
426 2281 478 2353 qui
504 2283 582 2337 recto
609 2284 679 2338 suut
706 2281 790 2338 corde
805 2280 867 2355 (1)!
901 2281 924 2340 0
953 2299 1049 2354 quam

238 2381 336 2440 dulcio
347 2383 375 2436 et
394 2381 494 2436 soccis
509 2382 552 2435 est
564 2379 690 2448 spirtius
703 2379 766 2436 eius
779 2380 809 2436 in
823 2380 880 2436 eis!
894 2379 919 2437 0
932 2382 1048 2452 quanta

239 2478 435 2545 amaritudine,
464 2476 571 2549 quanta
602 2477 731 2544 tristitie,
760 2477 869 2549 quanta
898 2479 1049 2537 anxietate

239 2576 343 2648 repleri
363 2575 476 2632 deberet
496 2575 617 2642 animun,
636 2577 683 2648 qui
704 2575 789 2632 etiam
811 2574 846 2633 ed
868 2577 1048 2634 momentum

239 2693 256 2731 a
277 2673 360 2731 tante
380 2673 524 2730 dulcedine
545 2673 751 2745 sequestratur.

240 2809 400 2817 -—.....-.-.

303 2887 326 2946 1)
346 2887 383 2932 Pe.
403 2886 441 2943 72,
461 2886 487 2940 13
506 2883 559 2930 dein
575 2883 703 2943 respicitur
719 2884 774 2944 Sep.
789 2885 826 2942 12,
846 2884 877 2931 1..
