2284 3484
220 224 277 287 152
358 240 502 287 canrromr
522 240 659 287 reserare
680 239 733 287 rao
753 239 880 286 umacuo.

217 436 341 495 licebat?
354 437 509 510 Respondit
523 439 620 497 Senior
632 436 692 511 (1):
714 429 789 495 Bene
803 439 931 510 quaeris3
947 439 1020 496 scito

218 536 315 609 igitur,
336 535 415 593 illam
437 536 616 609 paupertatis
636 544 665 593 et
686 536 850 608 asperitatis
864 536 1020 593 districtio-

218 651 281 691 nem
302 650 358 693 non
380 634 466 692 fuisse
481 635 641 706 impositam
664 635 801 707 apostolis
822 635 855 691 ut
869 634 1017 707 praelatis,

218 733 267 790 sed
286 732 319 790 ut
343 732 539 791 fundatoribus
566 733 697 790 ecclesiae
723 734 879 805 generalis;
902 750 936 789 ex
964 750 1019 805 quo

218 832 291 889 enim
313 832 391 889 missi
412 832 495 889 erant
522 831 557 888 ad
586 831 768 913 exstirpanda
795 833 888 890 omnia
914 832 1019 903 cupidi-

218 930 289 987 tatis
310 930 414 987 saeculi
435 929 627 998 fundamenta,
655 947 766 987 necesse
790 930 862 996 erat,
890 932 920 987 in
947 931 1018 1002 ipsis

219 1045 327 1087 omnem
349 1030 378 1087 in
399 1045 507 1089 summo
527 1029 718 1102 contemptum
741 1030 844 1086 saeculi
862 1028 1017 1101 refulgere3

218 1128 329 1200 qnando
349 1126 443 1185 autem
466 1129 505 1184 sic
521 1128 599 1185 missi
612 1127 736 1196 fuerunt,
753 1128 873 1199 praelati
894 1128 1017 1185 nondum

218 1226 302 1283 erant
321 1242 372 1283 nec
391 1226 476 1283 etiarn
503 1225 671 1284 sacerdotes.
692 1217 821 1297 Receptis
847 1226 942 1306 autem
965 1226 1018 1283 cla·

219 1323 301 1381 vibus
322 1323 387 1395 poet
420 1323 529 1382 Domini
562 1326 720 1395 passionem
752 1325 806 1395 ipsi
830 1323 1020 1380 instituerunt

220 1421 364 1492 praelatos
385 1422 412 1478 in
435 1421 557 1479 ecclesiis
578 1421 791 1489 commorantes
819 1420 921 1493 quibus
949 1438 1020 1477 nun-

219 1534 303 1591 quam
325 1518 380 1575 fuit
406 1519 587 1577 interdictum
619 1519 721 1577 habere
749 1520 906 1577 necessaria
933 1518 1020 1575 hnins

214 1616 310 1685 vritae;
332 1618 480 1674 commissa
501 1618 569 1675 sunt
593 1619 678 1675 etiam
692 1617 744 1674 sibi
766 1616 938 1689 pauperibus
958 1634 1021 1674 ero-

218 1714 322 1788 ganda.
343 1714 387 1771 Sic
408 1716 562 1787 praecessit
581 1716 634 1782 leo,
655 1716 767 1772 secutus
788 1716 832 1773 eet
851 1715 957 1788 gallae,
972 1732 1021 1773 ve·

219 1812 317 1885 ruitque
333 1811 418 1875 tertio
438 1814 520 1881 aries
541 1812 659 1870 feliciter
674 1814 778 1886 singuli
800 1813 971 1886 gradientes,
986 1814 1021 1869 ut

219 1910 322 1969 dicitur
342 1910 557 1970 Proverbiorum
573 1911 613 1969 30
629 1912 683 1985 (2).
706 1911 806 1980 Quare,
821 1911 853 1968 ut
868 1910 936 1968 dicit
949 1910 1020 1968 Gre-

219 2010 325 2082 gorius,
339 2008 505 2067 Moralium
524 2009 574 2067 lib.
589 2010 665 2067 XXX
677 2010 731 2083 (3),
751 2011 841 2081 primo
860 2010 1021 2082 «apparuit

220 2106 351 2164 Christus
371 2109 398 2165 in
420 2108 499 2166 leone
520 2108 660 2181 signatus,
675 2108 795 2166 secundo
814 2108 918 2180 gallus,
933 2108 1021 2165 idest

220 2205 311 2263 sancti
332 2206 547 2278 praedicatores,
569 2208 690 2279 apostoli
723 2208 751 2264 in
774 2207 871 2264 mediis
895 2205 1021 2263 tenebris

219 2304 405 2371 concinentes,
420 2306 449 2363 et
463 2305 560 2362 deinde
581 2306 663 2370 aries,
684 2305 712 2362 id
726 2305 770 2362 est
784 2304 947 2376 spirituales
969 2322 1022 2376 pa-

219 2401 288 2470 trae,
300 2403 478 2460 ecclesiarum
491 2404 612 2475 praelati
623 2403 760 2470 videlicet,
770 2404 854 2460 duces
864 2420 983 2475 gregum
991 2426 1021 2463 ».

202 2554 205 2557 ,
303 2520 318 2550 «
331 2499 488 2557 Succedunt
508 2502 597 2573 igitur
619 2502 740 2573 praelati
754 2501 891 2573 apostolis
904 2502 933 2559 in
955 2502 1021 2558 emi-

219 2596 316 2653 nentia
344 2598 533 2665 auctoritatis,
556 2600 585 2655 in
612 2599 705 2658 debito
726 2600 843 2658 virtutis
864 2599 893 2658 et
918 2599 1021 2657 sancti-

220 2706 380 2715 ---—.--—-

284 2748 307 2807 l]
324 2749 423 2807 Bonam,
437 2749 536 2822 ,napea
553 2762 609 2809 sup.
627 2749 706 2807 repul.
724 2749 754 2795 F.
772 2748 819 2805 M„
836 2763 857 2796 c.
874 2749 929 2795 411.
949 2748 979 2795 13
995 2751 1022 2795 et

220 2828 296 2888 Apol.
309 2842 403 2887 praep,
419 2842 440 2875 c.
460 2830 514 2875 un.
532 2828 571 2874 20,

281 2908 306 2967 2)
324 2908 353 2953 V.
371 2908 402 2954 29
418 2921 470 2965 sqq.
834 2908 859 2971 8)
876 2909 902 2957 (l.
920 2909 935 2956 3
950 2924 975 2956 n.
994 2910 1019 2958 9.
