<?xml version="1.0" encoding="UTF-8"?>
<!DOCTYPE html PUBLIC "-//W3C//DTD XHTML 1.0 Transitional//EN"
    "http://www.w3.org/TR/xhtml1/DTD/xhtml1-transitional.dtd">
<html xmlns="http://www.w3.org/1999/xhtml" xml:lang="en" lang="en">
 <head>
  <title>
</title>
<meta http-equiv="Content-Type" content="text/html;charset=utf-8" />
  <meta name='ocr-system' content='tesseract 3.04.00' />
  <meta name='ocr-capabilities' content='ocr_page ocr_carea ocr_par ocr_line ocrx_word'/>
</head>
<body>
  <div class='ocr_page' id='page_1' title='image "bibliothecafran00romgoog_0132.png"; bbox 0 0 2284 3484; ppageno 0'>
   <div class='ocr_carea' id='block_1_1' title="bbox 393 261 894 337">
    <p class='ocr_par' dir='ltr' id='par_1_1' title="bbox 393 261 894 337">
     <span class='ocr_line' id='line_1_1' title="bbox 393 261 894 337; baseline 0 -1"><span class='ocrx_word' id='word_1_1' title='bbox 393 289 484 336; x_wconf 81' lang='lat' dir='ltr'>omer</span> <span class='ocrx_word' id='word_1_2' title='bbox 505 289 587 337; x_wconf 75' lang='lat' dir='ltr'>run.</span> <span class='ocrx_word' id='word_1_3' title='bbox 837 261 894 337; x_wconf 83' lang='grc'>107</span> 
     </span>
    </p>
   </div>
   <div class='ocr_carea' id='block_1_2' title="bbox 90 390 306 404">
    <p class='ocr_par' dir='ltr' id='par_1_2' title="bbox 90 390 306 404">
     <span class='ocr_line' id='line_1_2' title="bbox 90 390 306 404; baseline 0 0"><span class='ocrx_word' id='word_1_4' title='bbox 90 390 306 404; x_wconf 52' lang='lat' dir='ltr'>maan-—</span> 
     </span>
    </p>
   </div>
   <div class='ocr_carea' id='block_1_3' title="bbox 7 484 928 2881">
    <p class='ocr_par' dir='ltr' id='par_1_3' title="bbox 91 484 898 852">
     <span class='ocr_line' id='line_1_3' title="bbox 91 484 896 559; baseline 0.001 -17"><span class='ocrx_word' id='word_1_5' title='bbox 91 499 232 557; x_wconf 88' lang='lat' dir='ltr'>opponere</span> <span class='ocrx_word' id='word_1_6' title='bbox 260 501 369 545; x_wconf 87' lang='lat' dir='ltr'>summo</span> <span class='ocrx_word' id='word_1_7' title='bbox 400 484 496 544; x_wconf 85' lang='lat' dir='ltr'>bono?</span> <span class='ocrx_word' id='word_1_8' title='bbox 523 486 596 555; x_wconf 78' lang='lat' dir='ltr'>Quid</span> <span class='ocrx_word' id='word_1_9' title='bbox 623 485 784 545; x_wconf 83' lang='lat' dir='ltr'>eonlrarius</span> <span class='ocrx_word' id='word_1_10' title='bbox 811 503 896 559; x_wconf 89' lang='lat' dir='ltr'>quam</span> 
     </span>
     <span class='ocr_line' id='line_1_4' title="bbox 91 582 897 655; baseline 0.004 -16"><span class='ocrx_word' id='word_1_11' title='bbox 91 583 242 655; x_wconf 81' lang='lat' dir='ltr'>sanguinis</span> <span class='ocrx_word' id='word_1_12' title='bbox 262 582 369 641; x_wconf 79' lang='lat' dir='ltr'>christi</span> <span class='ocrx_word' id='word_1_13' title='bbox 390 600 517 642; x_wconf 88' lang='lat' dir='ltr'>evomere</span> <span class='ocrx_word' id='word_1_14' title='bbox 545 584 732 642; x_wconf 81' lang='lat' dir='ltr'>medicinam?</span> <span class='ocrx_word' id='word_1_15' title='bbox 758 583 830 653; x_wconf 78' lang='lat' dir='ltr'>Quid</span> <span class='ocrx_word' id='word_1_16' title='bbox 851 600 897 642; x_wconf 89' lang='lat' dir='ltr'>no·</span> 
     </span>
     <span class='ocr_line' id='line_1_5' title="bbox 91 681 898 752; baseline 0.004 -16"><span class='ocrx_word' id='word_1_17' title='bbox 91 681 181 737; x_wconf 84' lang='lat' dir='ltr'>civius</span> <span class='ocrx_word' id='word_1_18' title='bbox 202 697 287 752; x_wconf 84' lang='lat' dir='ltr'>quam</span> <span class='ocrx_word' id='word_1_19' title='bbox 308 698 376 739; x_wconf 90' lang='lat' dir='ltr'>suae</span> <span class='ocrx_word' id='word_1_20' title='bbox 397 682 508 740; x_wconf 85' lang='lat' dir='ltr'>animae</span> <span class='ocrx_word' id='word_1_21' title='bbox 522 683 644 740; x_wconf 83' lang='lat' dir='ltr'>occisio?</span> <span class='ocrx_word' id='word_1_22' title='bbox 657 681 696 739; x_wconf 77' lang='lat' dir='ltr'>st</span> <span class='ocrx_word' id='word_1_23' title='bbox 710 682 741 739; x_wconf 82' lang='lat' dir='ltr'>tu</span> <span class='ocrx_word' id='word_1_24' title='bbox 763 682 814 740; x_wconf 85' lang='lat' dir='ltr'>libi</span> <span class='ocrx_word' id='word_1_25' title='bbox 829 681 898 739; x_wconf 80' lang='lat' dir='ltr'>lalis</span> 
     </span>
     <span class='ocr_line' id='line_1_6' title="bbox 92 766 809 852; baseline 0.006 -18"><span class='ocrx_word' id='word_1_26' title='bbox 92 776 172 835; x_wconf 79' lang='lat' dir='ltr'>fuisti</span> <span class='ocrx_word' id='word_1_27' title='bbox 194 777 279 836; x_wconf 81' lang='lat' dir='ltr'>eliam</span> <span class='ocrx_word' id='word_1_28' title='bbox 303 779 377 851; x_wconf 85' lang='lat' dir='ltr'>plus,</span> <span class='ocrx_word' id='word_1_29' title='bbox 398 795 483 851; x_wconf 85' lang='lat' dir='ltr'>quam</span> <span class='ocrx_word' id='word_1_30' title='bbox 506 780 603 837; x_wconf 88' lang='lat' dir='ltr'>valeas</span> <span class='ocrx_word' id='word_1_31' title='bbox 623 779 756 852; x_wconf 74' lang='lat' dir='ltr'>cogitare.</span> <span class='ocrx_word' id='word_1_32' title='bbox 806 766 809 772; x_wconf 44' lang='lat'><strong>¹</strong></span> 
     </span>
    </p>

    <p class='ocr_par' dir='ltr' id='par_1_4' title="bbox 92 876 928 1731">
     <span class='ocr_line' id='line_1_7' title="bbox 172 876 898 951; baseline -0.001 -17"><span class='ocrx_word' id='word_1_33' title='bbox 172 876 265 934; x_wconf 88' lang='lat' dir='ltr'>Debes</span> <span class='ocrx_word' id='word_1_34' title='bbox 285 877 370 935; x_wconf 78' lang='lat' dir='ltr'>eliam</span> <span class='ocrx_word' id='word_1_35' title='bbox 392 877 525 951; x_wconf 74' lang='lat' dir='ltr'>cogitare,</span> <span class='ocrx_word' id='word_1_36' title='bbox 553 877 636 949; x_wconf 84' lang='lat' dir='ltr'>quod,</span> <span class='ocrx_word' id='word_1_37' title='bbox 664 878 771 950; x_wconf 79' lang='lat' dir='ltr'>quanio</span> <span class='ocrx_word' id='word_1_38' title='bbox 795 877 831 935; x_wconf 89' lang='lat' dir='ltr'>ab</span> <span class='ocrx_word' id='word_1_39' title='bbox 851 894 898 934; x_wconf 86' lang='lat' dir='ltr'>er-</span> 
     </span>
     <span class='ocr_line' id='line_1_8' title="bbox 93 971 928 1048; baseline 0.002 -18"><span class='ocrx_word' id='word_1_40' title='bbox 93 972 226 1032; x_wconf 80' lang='lat' dir='ltr'>lrlnseeis</span> <span class='ocrx_word' id='word_1_41' title='bbox 246 975 370 1047; x_wconf 84' lang='lat' dir='ltr'>amplius</span> <span class='ocrx_word' id='word_1_42' title='bbox 397 975 568 1044; x_wconf 80' lang='lat' dir='ltr'>molestaris,</span> <span class='ocrx_word' id='word_1_43' title='bbox 591 975 673 1033; x_wconf 78' lang='lat' dir='ltr'>lanio</span> <span class='ocrx_word' id='word_1_44' title='bbox 695 976 786 1048; x_wconf 84' lang='lat' dir='ltr'>magis</span> <span class='ocrx_word' id='word_1_45' title='bbox 817 991 899 1048; x_wconf 81' lang='lat' dir='ltr'>prae·</span> <span class='ocrx_word' id='word_1_46' title='bbox 925 971 928 976; x_wconf 83' lang='grc'><strong>’</strong></span> 
     </span>
     <span class='ocr_line' id='line_1_9' title="bbox 93 1070 898 1146; baseline 0.001 -18"><span class='ocrx_word' id='word_1_47' title='bbox 93 1070 218 1128; x_wconf 78' lang='lat' dir='ltr'>cluditur</span> <span class='ocrx_word' id='word_1_48' title='bbox 238 1071 291 1129; x_wconf 82' lang='lat' dir='ltr'>libi</span> <span class='ocrx_word' id='word_1_49' title='bbox 311 1073 358 1130; x_wconf 87' lang='lat' dir='ltr'>via</span> <span class='ocrx_word' id='word_1_50' title='bbox 380 1073 512 1145; x_wconf 88' lang='lat' dir='ltr'>undique,</span> <span class='ocrx_word' id='word_1_51' title='bbox 533 1089 568 1130; x_wconf 87' lang='lat' dir='ltr'>ne</span> <span class='ocrx_word' id='word_1_52' title='bbox 596 1073 710 1146; x_wconf 82' lang='lat' dir='ltr'>vageris</span> <span class='ocrx_word' id='word_1_53' title='bbox 738 1088 787 1145; x_wconf 86' lang='lat' dir='ltr'>per</span> <span class='ocrx_word' id='word_1_54' title='bbox 817 1072 898 1130; x_wconf 90' lang='lat' dir='ltr'>devia</span> 
     </span>
     <span class='ocr_line' id='line_1_10' title="bbox 93 1167 898 1242; baseline 0.001 -16"><span class='ocrx_word' id='word_1_55' title='bbox 93 1168 122 1226; x_wconf 82' lang='lat' dir='ltr'>el</span> <span class='ocrx_word' id='word_1_56' title='bbox 142 1167 274 1228; x_wconf 78' lang='lat' dir='ltr'>allectum</span> <span class='ocrx_word' id='word_1_57' title='bbox 295 1170 422 1242; x_wconf 80' lang='lat' dir='ltr'>applices</span> <span class='ocrx_word' id='word_1_58' title='bbox 442 1171 600 1238; x_wconf 70' lang='lat' dir='ltr'>creaturae,</span> <span class='ocrx_word' id='word_1_59' title='bbox 621 1169 670 1228; x_wconf 89' lang='lat' dir='ltr'>sed</span> <span class='ocrx_word' id='word_1_60' title='bbox 695 1171 724 1228; x_wconf 88' lang='lat' dir='ltr'>in</span> <span class='ocrx_word' id='word_1_61' title='bbox 754 1170 812 1229; x_wconf 89' lang='lat' dir='ltr'>solo</span> <span class='ocrx_word' id='word_1_62' title='bbox 840 1168 898 1227; x_wconf 89' lang='lat' dir='ltr'>Deo</span> 
     </span>
     <span class='ocr_line' id='line_1_11' title="bbox 93 1266 899 1341; baseline 0.001 -18"><span class='ocrx_word' id='word_1_63' title='bbox 93 1266 234 1325; x_wconf 74' lang='lat' dir='ltr'>altissimo</span> <span class='ocrx_word' id='word_1_64' title='bbox 254 1269 423 1340; x_wconf 85' lang='lat' dir='ltr'>requiescas.</span> <span class='ocrx_word' id='word_1_65' title='bbox 445 1267 514 1336; x_wconf 78' lang='lat' dir='ltr'>Quis</span> <span class='ocrx_word' id='word_1_66' title='bbox 540 1284 608 1341; x_wconf 84' lang='lat' dir='ltr'>ergo</span> <span class='ocrx_word' id='word_1_67' title='bbox 629 1284 685 1326; x_wconf 91' lang='lat' dir='ltr'>non</span> <span class='ocrx_word' id='word_1_68' title='bbox 713 1267 802 1326; x_wconf 80' lang='lat' dir='ltr'>odibit</span> <span class='ocrx_word' id='word_1_69' title='bbox 821 1268 899 1325; x_wconf 86' lang='lat' dir='ltr'>illius</span> 
     </span>
     <span class='ocr_line' id='line_1_12' title="bbox 93 1364 899 1438; baseline -0.001 -17"><span class='ocrx_word' id='word_1_70' title='bbox 93 1364 242 1422; x_wconf 82' lang='lat' dir='ltr'>clausurae</span> <span class='ocrx_word' id='word_1_71' title='bbox 262 1365 448 1437; x_wconf 76' lang='lat' dir='ltr'>apertionem,</span> <span class='ocrx_word' id='word_1_72' title='bbox 469 1365 543 1422; x_wconf 88' lang='lat' dir='ltr'>unde</span> <span class='ocrx_word' id='word_1_73' title='bbox 564 1365 660 1438; x_wconf 77' lang='lat' dir='ltr'>polest</span> <span class='ocrx_word' id='word_1_74' title='bbox 680 1367 755 1423; x_wconf 85' lang='lat' dir='ltr'>exire</span> <span class='ocrx_word' id='word_1_75' title='bbox 782 1365 899 1424; x_wconf 82' lang='lat' dir='ltr'>aIleo?</span> 
     </span>
     <span class='ocr_line' id='line_1_13' title="bbox 94 1459 899 1535; baseline 0 -16"><span class='ocrx_word' id='word_1_76' title='bbox 94 1459 176 1520; x_wconf 78' lang='lat' dir='ltr'>eerle</span> <span class='ocrx_word' id='word_1_77' title='bbox 197 1461 267 1520; x_wconf 79' lang='lat' dir='ltr'>lunc</span> <span class='ocrx_word' id='word_1_78' title='bbox 286 1463 424 1534; x_wconf 81' lang='lat' dir='ltr'>aperitur,</span> <span class='ocrx_word' id='word_1_79' title='bbox 446 1479 508 1521; x_wconf 90' lang='lat' dir='ltr'>cum</span> <span class='ocrx_word' id='word_1_80' title='bbox 530 1465 647 1535; x_wconf 84' lang='lat' dir='ltr'>propria</span> <span class='ocrx_word' id='word_1_81' title='bbox 668 1462 816 1522; x_wconf 78' lang='lat' dir='ltr'>tribulatio</span> <span class='ocrx_word' id='word_1_82' title='bbox 843 1479 899 1521; x_wconf 88' lang='lat' dir='ltr'>non</span> 
     </span>
     <span class='ocr_line' id='line_1_14' title="bbox 93 1560 899 1633; baseline 0.001 -17"><span class='ocrx_word' id='word_1_83' title='bbox 93 1560 217 1627; x_wconf 79' lang='lat' dir='ltr'>amatur,</span> <span class='ocrx_word' id='word_1_84' title='bbox 238 1560 287 1618; x_wconf 84' lang='lat' dir='ltr'>sed</span> <span class='ocrx_word' id='word_1_85' title='bbox 306 1560 343 1618; x_wconf 88' lang='lat' dir='ltr'>ab</span> <span class='ocrx_word' id='word_1_86' title='bbox 370 1562 465 1618; x_wconf 87' lang='lat' dir='ltr'>animo</span> <span class='ocrx_word' id='word_1_87' title='bbox 496 1560 648 1633; x_wconf 76' lang='lat' dir='ltr'>effugatur,</span> <span class='ocrx_word' id='word_1_88' title='bbox 680 1561 774 1633; x_wconf 85' lang='lat' dir='ltr'>polius</span> <span class='ocrx_word' id='word_1_89' title='bbox 801 1561 899 1619; x_wconf 88' lang='lat' dir='ltr'>volens</span> 
     </span>
     <span class='ocr_line' id='line_1_15' title="bbox 92 1658 676 1731; baseline 0.002 -17"><span class='ocrx_word' id='word_1_90' title='bbox 92 1658 235 1730; x_wconf 86' lang='lat' dir='ltr'>quiescere</span> <span class='ocrx_word' id='word_1_91' title='bbox 255 1658 285 1714; x_wconf 91' lang='lat' dir='ltr'>in</span> <span class='ocrx_word' id='word_1_92' title='bbox 307 1658 430 1716; x_wconf 73' lang='lat' dir='ltr'>stercore</span> <span class='ocrx_word' id='word_1_93' title='bbox 451 1675 534 1731; x_wconf 88' lang='lat' dir='ltr'>quam</span> <span class='ocrx_word' id='word_1_94' title='bbox 557 1660 586 1716; x_wconf 87' lang='lat' dir='ltr'>in</span> <span class='ocrx_word' id='word_1_95' title='bbox 608 1658 676 1717; x_wconf 88' lang='lat' dir='ltr'>Deo.</span> 
     </span>
    </p>

    <p class='ocr_par' dir='ltr' id='par_1_5' title="bbox 93 1754 901 2411">
     <span class='ocr_line' id='line_1_16' title="bbox 175 1754 900 1829; baseline 0.001 -17"><span class='ocrx_word' id='word_1_96' title='bbox 175 1754 277 1826; x_wconf 84' lang='lat' dir='ltr'>(logila</span> <span class='ocrx_word' id='word_1_97' title='bbox 297 1756 391 1825; x_wconf 77' lang='lat' dir='ltr'>etiarn,</span> <span class='ocrx_word' id='word_1_98' title='bbox 413 1756 486 1829; x_wconf 91' lang='lat' dir='ltr'>quod</span> <span class='ocrx_word' id='word_1_99' title='bbox 518 1757 570 1814; x_wconf 92' lang='lat' dir='ltr'>soli</span> <span class='ocrx_word' id='word_1_100' title='bbox 593 1756 651 1814; x_wconf 91' lang='lat' dir='ltr'>Deo</span> <span class='ocrx_word' id='word_1_101' title='bbox 678 1756 796 1814; x_wconf 72' lang='lat' dir='ltr'>debetur</span> <span class='ocrx_word' id='word_1_102' title='bbox 822 1772 900 1814; x_wconf 90' lang='lat' dir='ltr'>reve·</span> 
     </span>
     <span class='ocr_line' id='line_1_17' title="bbox 93 1852 900 1925; baseline 0.002 -17"><span class='ocrx_word' id='word_1_103' title='bbox 93 1852 187 1910; x_wconf 80' lang='lat' dir='ltr'>sentia</span> <span class='ocrx_word' id='word_1_104' title='bbox 208 1853 237 1910; x_wconf 85' lang='lat' dir='ltr'>et</span> <span class='ocrx_word' id='word_1_105' title='bbox 257 1852 356 1921; x_wconf 86' lang='lat' dir='ltr'>honor,</span> <span class='ocrx_word' id='word_1_106' title='bbox 378 1853 408 1911; x_wconf 79' lang='lat' dir='ltr'>el</span> <span class='ocrx_word' id='word_1_107' title='bbox 421 1855 481 1925; x_wconf 89' lang='lat' dir='ltr'>ipse</span> <span class='ocrx_word' id='word_1_108' title='bbox 502 1855 532 1911; x_wconf 91' lang='lat' dir='ltr'>in</span> <span class='ocrx_word' id='word_1_109' title='bbox 546 1871 576 1912; x_wconf 87' lang='lat' dir='ltr'>se</span> <span class='ocrx_word' id='word_1_110' title='bbox 594 1854 624 1910; x_wconf 81' lang='lat' dir='ltr'>el</span> <span class='ocrx_word' id='word_1_111' title='bbox 644 1855 672 1910; x_wconf 89' lang='lat' dir='ltr'>in</span> <span class='ocrx_word' id='word_1_112' title='bbox 688 1855 747 1910; x_wconf 86' lang='lat' dir='ltr'>suis</span> <span class='ocrx_word' id='word_1_113' title='bbox 761 1854 900 1912; x_wconf 77' lang='lat' dir='ltr'>creaturis</span> 
     </span>
     <span class='ocr_line' id='line_1_18' title="bbox 93 1949 900 2024; baseline 0 -16"><span class='ocrx_word' id='word_1_114' title='bbox 93 1950 172 2008; x_wconf 85' lang='lat' dir='ltr'>solus</span> <span class='ocrx_word' id='word_1_115' title='bbox 192 1949 238 2008; x_wconf 78' lang='lat' dir='ltr'>esi</span> <span class='ocrx_word' id='word_1_116' title='bbox 265 1950 435 2024; x_wconf 85' lang='lat' dir='ltr'>diligendus.</span> <span class='ocrx_word' id='word_1_117' title='bbox 456 1951 495 2008; x_wconf 82' lang='lat' dir='ltr'>El</span> <span class='ocrx_word' id='word_1_118' title='bbox 514 1952 585 2019; x_wconf 88' lang='lat' dir='ltr'>ideo,</span> <span class='ocrx_word' id='word_1_119' title='bbox 607 1951 631 2010; x_wconf 87' lang='lat' dir='ltr'>si</span> <span class='ocrx_word' id='word_1_120' title='bbox 659 1968 723 2010; x_wconf 88' lang='lat' dir='ltr'>vere</span> <span class='ocrx_word' id='word_1_121' title='bbox 743 1951 833 2010; x_wconf 88' lang='lat' dir='ltr'>Deum</span> <span class='ocrx_word' id='word_1_122' title='bbox 862 1951 900 2008; x_wconf 91' lang='lat' dir='ltr'>di·</span> 
     </span>
     <span class='ocr_line' id='line_1_19' title="bbox 93 2047 900 2122; baseline 0.002 -19"><span class='ocrx_word' id='word_1_123' title='bbox 93 2047 169 2120; x_wconf 72' lang='lat' dir='ltr'>figis,</span> <span class='ocrx_word' id='word_1_124' title='bbox 191 2047 284 2116; x_wconf 71' lang='lat' dir='ltr'>debes</span> <span class='ocrx_word' id='word_1_125' title='bbox 306 2049 334 2106; x_wconf 80' lang='lat' dir='ltr'>le</span> <span class='ocrx_word' id='word_1_126' title='bbox 355 2048 489 2108; x_wconf 85' lang='lat' dir='ltr'>honorari</span> <span class='ocrx_word' id='word_1_127' title='bbox 510 2050 538 2106; x_wconf 85' lang='lat' dir='ltr'>el</span> <span class='ocrx_word' id='word_1_128' title='bbox 565 2048 645 2122; x_wconf 86' lang='lat' dir='ltr'>diligi</span> <span class='ocrx_word' id='word_1_129' title='bbox 667 2049 703 2106; x_wconf 91' lang='lat' dir='ltr'>ab</span> <span class='ocrx_word' id='word_1_130' title='bbox 729 2049 900 2118; x_wconf 81' lang='lat' dir='ltr'>hominibus,</span> 
     </span>
     <span class='ocr_line' id='line_1_20' title="bbox 93 2145 901 2216; baseline 0.005 -15"><span class='ocrx_word' id='word_1_131' title='bbox 93 2145 256 2204; x_wconf 83' lang='lat' dir='ltr'>abhorrere.</span> <span class='ocrx_word' id='word_1_132' title='bbox 277 2145 419 2215; x_wconf 77' lang='lat' dir='ltr'>Quomodo</span> <span class='ocrx_word' id='word_1_133' title='bbox 440 2163 495 2204; x_wconf 89' lang='lat' dir='ltr'>non</span> <span class='ocrx_word' id='word_1_134' title='bbox 511 2145 676 2216; x_wconf 89' lang='lat' dir='ltr'>abhorrebo‚</span> <span class='ocrx_word' id='word_1_135' title='bbox 699 2147 767 2205; x_wconf 92' lang='lat' dir='ltr'>mihi</span> <span class='ocrx_word' id='word_1_136' title='bbox 780 2147 901 2205; x_wconf 81' lang='lat' dir='ltr'>aliribui</span> 
     </span>
     <span class='ocr_line' id='line_1_21' title="bbox 94 2242 900 2317; baseline 0.002 -17"><span class='ocrx_word' id='word_1_137' title='bbox 94 2243 168 2315; x_wconf 88' lang='lat' dir='ltr'>quod</span> <span class='ocrx_word' id='word_1_138' title='bbox 180 2243 225 2300; x_wconf 80' lang='lat' dir='ltr'>est</span> <span class='ocrx_word' id='word_1_139' title='bbox 235 2242 305 2301; x_wconf 80' lang='lat' dir='ltr'>Dei?</span> <span class='ocrx_word' id='word_1_140' title='bbox 316 2243 407 2302; x_wconf 92' lang='lat' dir='ltr'>Immo</span> <span class='ocrx_word' id='word_1_141' title='bbox 417 2243 579 2316; x_wconf 79' lang='lat' dir='ltr'>opposilum</span> <span class='ocrx_word' id='word_1_142' title='bbox 591 2245 686 2317; x_wconf 84' lang='lat' dir='ltr'>polius</span> <span class='ocrx_word' id='word_1_143' title='bbox 697 2243 843 2313; x_wconf 80' lang='lat' dir='ltr'>affectabo,</span> <span class='ocrx_word' id='word_1_144' title='bbox 855 2261 900 2314; x_wconf 89' lang='lat' dir='ltr'>ne,</span> 
     </span>
     <span class='ocr_line' id='line_1_22' title="bbox 94 2340 899 2411; baseline 0.001 -14"><span class='ocrx_word' id='word_1_145' title='bbox 94 2341 118 2398; x_wconf 90' lang='lat' dir='ltr'>si</span> <span class='ocrx_word' id='word_1_146' title='bbox 133 2341 238 2398; x_wconf 92' lang='lat' dir='ltr'>vellem</span> <span class='ocrx_word' id='word_1_147' title='bbox 258 2340 354 2399; x_wconf 83' lang='lat' dir='ltr'>leuare</span> <span class='ocrx_word' id='word_1_148' title='bbox 376 2342 506 2411; x_wconf 88' lang='lat' dir='ltr'>medium,</span> <span class='ocrx_word' id='word_1_149' title='bbox 521 2359 661 2400; x_wconf 85' lang='lat' dir='ltr'>currerem</span> <span class='ocrx_word' id='word_1_150' title='bbox 684 2343 713 2400; x_wconf 92' lang='lat' dir='ltr'>in</span> <span class='ocrx_word' id='word_1_151' title='bbox 734 2342 899 2400; x_wconf 78' lang='lat' dir='ltr'>extremum.</span> 
     </span>
    </p>

    <p class='ocr_par' dir='ltr' id='par_1_6' title="bbox 94 2436 901 2708">
     <span class='ocr_line' id='line_1_23' title="bbox 176 2436 901 2511; baseline 0.001 -16"><span class='ocrx_word' id='word_1_152' title='bbox 176 2436 210 2508; x_wconf 83' lang='grc' dir='ltr'>Ο,</span> <span class='ocrx_word' id='word_1_153' title='bbox 225 2455 310 2511; x_wconf 87' lang='lat' dir='ltr'>quam</span> <span class='ocrx_word' id='word_1_154' title='bbox 326 2439 412 2497; x_wconf 78' lang='lat' dir='ltr'>utiles</span> <span class='ocrx_word' id='word_1_155' title='bbox 433 2439 501 2497; x_wconf 82' lang='lat' dir='ltr'>sunl</span> <span class='ocrx_word' id='word_1_156' title='bbox 522 2440 596 2498; x_wconf 79' lang='lat' dir='ltr'>isiae</span> <span class='ocrx_word' id='word_1_157' title='bbox 610 2440 777 2499; x_wconf 82' lang='lat' dir='ltr'>afflicliones</span> <span class='ocrx_word' id='word_1_158' title='bbox 797 2441 901 2497; x_wconf 78' lang='lat' dir='ltr'>extrin-</span> 
     </span>
     <span class='ocr_line' id='line_1_24' title="bbox 94 2535 900 2611; baseline 0 -17"><span class='ocrx_word' id='word_1_159' title='bbox 94 2537 189 2594; x_wconf 81' lang='lat' dir='ltr'>secael</span> <span class='ocrx_word' id='word_1_160' title='bbox 205 2535 297 2608; x_wconf 83' lang='lat' dir='ltr'>(lerle,</span> <span class='ocrx_word' id='word_1_161' title='bbox 313 2553 363 2608; x_wconf 78' lang='lat' dir='ltr'>per</span> <span class='ocrx_word' id='word_1_162' title='bbox 377 2537 455 2609; x_wconf 87' lang='lat' dir='ltr'>ipsas</span> <span class='ocrx_word' id='word_1_163' title='bbox 469 2538 498 2596; x_wconf 90' lang='lat' dir='ltr'>iu</span> <span class='ocrx_word' id='word_1_164' title='bbox 512 2538 700 2611; x_wconf 75' lang='lat' dir='ltr'>cognitionem</span> <span class='ocrx_word' id='word_1_165' title='bbox 722 2537 837 2596; x_wconf 78' lang='lat' dir='ltr'>nostrae</span> <span class='ocrx_word' id='word_1_166' title='bbox 852 2537 900 2594; x_wconf 90' lang='lat' dir='ltr'>mi·</span> 
     </span>
     <span class='ocr_line' id='line_1_25' title="bbox 95 2632 900 2708; baseline 0.001 -18"><span class='ocrx_word' id='word_1_167' title='bbox 95 2634 186 2690; x_wconf 89' lang='lat' dir='ltr'>seriae</span> <span class='ocrx_word' id='word_1_168' title='bbox 199 2632 363 2692; x_wconf 77' lang='lat' dir='ltr'>devenimus</span> <span class='ocrx_word' id='word_1_169' title='bbox 384 2636 413 2692; x_wconf 81' lang='lat' dir='ltr'>el</span> <span class='ocrx_word' id='word_1_170' title='bbox 434 2651 484 2707; x_wconf 86' lang='lat' dir='ltr'>per</span> <span class='ocrx_word' id='word_1_171' title='bbox 504 2634 579 2694; x_wconf 86' lang='lat' dir='ltr'>hano</span> <span class='ocrx_word' id='word_1_172' title='bbox 599 2635 786 2708; x_wconf 79' lang='lat' dir='ltr'>cognitionem</span> <span class='ocrx_word' id='word_1_173' title='bbox 807 2635 900 2693; x_wconf 74' lang='lat' dir='ltr'>nostri</span> 
     </span>
    </p>

    <p class='ocr_par' dir='ltr' id='par_1_7' title="bbox 7 2720 900 2881">
     <span class='ocr_line' id='line_1_26' title="bbox 7 2720 900 2881; baseline 0.003 -94"><span class='ocrx_word' id='word_1_174' title='bbox 7 2720 10 2881; x_wconf 46' lang='grc' dir='ltr'>ν</span> <span class='ocrx_word' id='word_1_175' title='bbox 96 2729 309 2807; x_wconf 75' lang='lat' dir='ltr'>devenimusin</span> <span class='ocrx_word' id='word_1_176' title='bbox 330 2732 518 2805; x_wconf 80' lang='lat' dir='ltr'>cognitionem</span> <span class='ocrx_word' id='word_1_177' title='bbox 537 2732 598 2790; x_wconf 89' lang='lat' dir='ltr'>Dei.</span> <span class='ocrx_word' id='word_1_178' title='bbox 620 2733 711 2792; x_wconf 89' lang='lat' dir='ltr'>Immo</span> <span class='ocrx_word' id='word_1_179' title='bbox 723 2731 778 2809; x_wconf 85' lang='lat'>(1),</span> <span class='ocrx_word' id='word_1_180' title='bbox 793 2734 900 2806; x_wconf 82' lang='lat' dir='ltr'>quanto</span> 
     </span>
    </p>
   </div>
   <div class='ocr_carea' id='block_1_4' title="bbox 160 2942 309 3004">
    <p class='ocr_par' dir='ltr' id='par_1_8' title="bbox 160 2942 309 3004">
     <span class='ocr_line' id='line_1_27' title="bbox 160 2942 309 3004; baseline 0 -15"><span class='ocrx_word' id='word_1_181' title='bbox 160 2942 182 3004; x_wconf 88' lang='lat'>1)</span> <span class='ocrx_word' id='word_1_182' title='bbox 201 2942 225 2989; x_wconf 88' lang='grc' dir='ltr'>Μ</span> <span class='ocrx_word' id='word_1_183' title='bbox 240 2955 309 2990; x_wconf 82' lang='lat' dir='ltr'>nom.</span> 
     </span>
    </p>
   </div>
   <div class='ocr_carea' id='block_1_5' title="bbox 0 2 1153 3484">
    <p class='ocr_par' dir='ltr' id='par_1_9' title="bbox 0 2 1153 3484">
     <span class='ocr_line' id='line_1_28' title="bbox 0 2 1153 3484; baseline 0 0"><span class='ocrx_word' id='word_1_184' title='bbox 0 2 1153 3484; x_wconf 95' lang='lat' dir='ltr'> </span> 
     </span>
    </p>
   </div>
  </div>
 </body>
</html>
