2284 3484
137 230 139 237 Α
245 258 389 302 osnnrenn
410 258 548 301 proeaees
568 260 622 303 rao
642 258 769 302 ermeno.
852 240 909 300 139

189 450 226 509 In
247 452 347 509 silvam
369 452 457 524 igitur
478 452 659 525 quaesiturus
680 452 856 525 refrigerium
870 468 910 509 re-

108 549 179 606 cessi
194 549 342 621 panlnlum
357 548 495 618 Gratiani,
510 551 540 608 et
553 550 612 607 tam
627 566 660 607 ex
670 549 815 622 abrogatis
826 566 910 622 qnam

4 690 5 705 l
107 664 141 704 ex
154 646 321 719 approbatis
336 649 477 720 reperiens
490 647 528 706 ibi
543 650 648 722 migma
668 649 851 721 compositum
865 646 909 720 (1)

107 745 137 802 et
146 745 243 818 legum
253 747 404 819 strepitum
413 749 500 805 sacris
510 746 665 805 canonibus
675 747 843 820 permixtum
853 746 910 819 (2),

108 844 191 915 quasi
212 842 311 917 Dagon
332 861 413 902 arcae
437 860 578 903 cernerem
603 845 739 917 copulari,
765 844 824 917 fugi
845 843 909 901 Phi-

4 926 5 945 *
107 941 239 1008 listhiim
254 941 355 1000 idcirco
377 944 532 1014 praecipue,
547 943 698 1015 quiaillud
712 959 801 1015 genus
822 942 912 999 homi·

108 1056 179 1098 num
200 1039 349 1097 didiceram
371 1040 497 1114 inclytos
518 1041 616 1099 Israel
636 1041 669 1098 r'oc
688 1041 808 1098 tumoris
828 1056 912 1097 moo-

4 1164 5 1171 ¹
67 1116 70 1125 λ
110 1138 189 1196 tibus
204 1138 248 1213 (3)
270 1139 423 1212 iugulasse.

191 1236 351 1309 Perqnieita
372 1238 461 1309 igitur
482 1237 622 1309 sapientia
650 1237 843 1310 antiquorum,
870 1236 911 1293 lu·
986 1223 989 1229 ’

4 1364 5 1367 ¹
108 1333 169 1392 cide
191 1334 326 1402 intellexi,
347 1333 472 1392 hnmana
499 1334 717 1407 investigatione
745 1350 800 1391 non
829 1347 910 1405 posse

110 1432 282 1504 sapientiam
303 1432 422 1491 inveniri
437 1432 491 1508 (4).
514 1432 613 1490 Stndni
634 1432 723 1505 igitur
748 1433 791 1490 illi
811 1432 910 1489 lumini

108 1532 236 1589 animum
257 1531 385 1604 alligare,
405 1547 423 1589 a
443 1547 498 1603 quo
524 1532 597 1590 lucie
617 1530 818 1589 intellectualis
840 1529 910 1588 radii

109 1626 294 1698 derivantnr3
309 1628 338 1686 et
351 1627 403 1687 hoc
415 1628 508 1687 studio
527 1651 541 1680 e
556 1629 718 1702 religionem
733 1646 751 1685 a
765 1628 909 1700 religando

4 1714 5 1721 ἵ
109 1726 193 1784 didici
215 1727 354 1798 appellari
369 1726 413 1800 (5)
428 1750 456 1783 ».
478 1726 652 1784 Existimans
673 1727 767 1784 antem
781 1727 910 1785 remmom

109 1840 170 1883 csse
184 1824 218 1882 ia
235 1821 356 1893 Golocd
369 1824 424 1899 (6),
445 1824 518 1897 qnod
538 1824 621 1883 sonat
639 1824 787 1896 revelatio,
801 1842 834 1881 ex
855 1823 912 1883 Ga·

108 1921 912 1995 laadcenenimiletcopotLtboateesnmendnm.Cleusis

108 2019 201 2093 igitur
214 2020 251 2077 ad
262 2019 365 2079 caduca
380 2020 477 2086 oculis,
491 2018 524 2077 ut
538 2020 681 2079 manentia
696 2020 827 2088 viderem,
842 2021 912 2077 etul-

109 2119 254 2187 tizans‚nt
262 2134 398 2191 saperem,
407 2119 486 2175 niens
498 2135 559 2176 enm
567 2135 630 2177 cnm
637 2119 747 2191 capreis
757 2117 911 2176 illieardna

109 2217 216 2291 petere,
239 2232 313 2289 qaae
334 2216 367 2273 cte
387 2218 483 2273 monia
507 2213 628 2276 Gotoart
647 2215 839 2275 ascenderunt
854 2215 909 2290 (7).

192 2412 302 2485 Impegi
323 2411 436 2471 tandem
451 2413 480 2471 in
494 2413 665 2473 consortium
684 2412 828 2472 hominnm
849 2412 911 2471 hor·

110 2510 234 2571 ribiliter
264 2527 377 2570 carnem
404 2510 637 2585 crucifigentium,
669 2511 762 2569 terrae
791 2510 912 2584 plenitn·

113 2628 273 2639 ----ι-

176 2680 199 2738 ll
217 2679 265 2727 Cir.
282 2679 314 2726 Is.
333 2678 372 2738 30,
389 2678 428 2725 24.
654 2680 680 2738 2)
697 2680 715 2725 L
731 2679 899 2727 commixtum.

175 2760 200 2818 3)
217 2759 239 2806 Il
254 2759 312 2817 Reg.
333 2758 354 2817 l,
375 2759 411 2806 19.
654 2758 679 2818 4)
697 2758 746 2806 Gir.
763 2760 795 2807 Is.
812 2759 852 2816 40,
869 2758 909 2806 28.

174 2840 199 2898 ὃ)
217 2840 339 2897 Lactant,
356 2838 387 2885 IV
404 2840 489 2886 Dicin.
508 2839 583 2897 Inoa,
600 2853 621 2885 c.
638 2839 669 2885 28
686 2840 722 2899 (P.
741 2840 768 2886 L.
785 2840 809 2898 6,
827 2840 893 2899 536).

176 2920 200 2980 6]
218 2919 264 2967 Iar.
282 2920 306 2979 8,
323 2918 362 2967 22.
715 2920 738 2981 7)
756 2919 826 2967 Cant.
843 2918 868 2979 4,
888 2920 909 2967 1.
