2284 3484
413 293 502 335 crocu
525 295 561 334 rr.
851 277 890 332 49

87 485 212 552 ritatem,
234 483 302 544 haec
322 488 476 566 noscentem
495 485 526 542 iu
547 485 653 542 croceis
673 483 748 553 fucit
760 487 891 542 stercora

87 583 254 655 auspicaturi
269 582 323 657 (1),
345 583 413 641 haec
434 585 578 656 spirituali
595 583 706 640 laetitia
721 584 835 654 plenum
856 583 891 639 ad

86 681 213 739 acediam
239 682 325 750 ducit,
354 682 422 740 haec
450 683 484 739 ad
513 683 647 740 honorem
675 682 726 738 Dei
747 681 892 739 referenda

88 780 158 838 facit
178 779 330 838 diabolicae
352 781 444 838 fraudi
465 781 535 838 dari.
567 825 573 837 .

170 878 233 946 Sed,
254 894 270 937 o
291 878 382 945 home,
402 879 530 952 nunquid
550 880 579 936 in
610 879 701 935 altum
723 877 893 950 contempla·

88 977 176 1035 tionis
197 977 358 1044 ascendisti,
379 977 412 1034 ut
441 979 480 1034 sic
500 977 614 1045 sacione,
637 977 743 1034 scilicet
763 976 834 1035 alios
854 977 893 1034 iu·

88 1075 197 1142 dicans
208 1075 309 1133 debeas
323 1077 414 1132 maius
429 1075 625 1147 praecipitium
640 1075 894 1132 sustinerePPoae

89 1189 157 1247 ergo
178 1173 207 1230 te
229 1173 271 1231 tui
292 1174 564 1246 considerationem
585 1173 742 1231 nouissimo
765 1172 826 1229 loco
838 1173 893 1247 (2),

89 1272 119 1329 et
140 1272 239 1330 cadere
259 1288 316 1330 non
337 1273 459 1342 valebis3
483 1273 533 1329 llei
555 1272 729 1330 commendes
750 1287 844 1342 opera,
866 1270 895 1328 et

92 1371 187 1428 omnia
218 1370 433 1428 commendabis,
456 1370 580 1428 Attende
610 1386 724 1442 ergoo
755 1369 837 1427 homo
864 1371 893 1426 in

89 1467 338 1539 contemplationis
358 1468 503 1526 dulcedine
524 1467 687 1533 constitute,
702 1467 731 1525 et
750 1483 894 1538 cognosce,

89 1565 216 1638 qualiter
238 1565 313 1623 Deus
335 1567 451 1638 proptor
472 1567 516 1622 eui
537 1565 670 1624 honorem
692 1564 797 1622 faciens
822 1581 895 1625 crea-

91 1665 187 1722 turam
209 1663 320 1722 dirersa
341 1664 459 1721 dirersis
480 1664 603 1722 uoluerit
628 1681 745 1720 munera
770 1664 894 1734 elargiri,

93 1763 205 1820 utnon
227 1778 283 1820 uno
304 1762 392 1828 modo,
425 1762 472 1820 sed
501 1762 713 1820 multiformiter
740 1761 895 1819 honoretur

93 1860 180 1933 atque
202 1862 245 1917 eui
267 1860 393 1918 thesauri
414 1861 529 1918 divitias
554 1860 740 1918 manifestans
760 1876 896 1917 commen·

91 1959 179 2016 dandi
208 1975 287 2033 suam
315 1940 551 2032 magnificentiam
579 1959 726 2016 materiam
756 1957 896 2028 multipli-

93 2074 151 2114 cem
180 2057 344 2114 habeamus.
373 2057 463 2115 Debes
496 2074 562 2129 ergo
594 2057 726 2128 primitus
757 2057 895 2129 cogitare,

92 2154 165 2228 quod
198 2155 275 2212 Deus
306 2156 379 2212 sicut
406 2155 497 2213 honus
524 2154 730 2227 paterfamilias
762 2154 896 2212 ordinans

92 2255 205 2314 domum
225 2271 305 2310 suam
327 2255 428 2325 pensat
446 2254 568 2312 filiorum
591 2254 755 2325 potentiam,
779 2253 897 2324 pruden-

91 2354 162 2410 tiam
191 2352 221 2409 et
250 2352 402 2409 bonitatem
434 2353 472 2420 et,
502 2353 652 2409 secundum
685 2352 758 2424 quod
785 2351 896 2419 uiderit,

91 2451 205 2509 diversa
236 2451 387 2508 committit
415 2451 505 2510 officia
536 2451 564 2507 et
599 2451 701 2508 tribuit
715 2482 717 2485 ·
732 2450 896 2522 dignitates.

92 2550 194 2622 Cogita
215 2565 283 2621 ergo
304 2551 393 2621 primo
416 2551 457 2615 tu,
478 2551 525 2621 qui
551 2550 781 2625 contemplationi
803 2565 896 2616 uncae,

91 2649 165 2722 quod
194 2647 280 2716 Deua,
310 2648 527 2720 benignissimus
553 2648 634 2719 pater
656 2649 731 2714 tuus,
758 2649 849 2704 sciens
870 2647 898 2704 te

93 2793 255 2802 μμ

157 2880 181 2940 1)
200 2879 288 2926 Thren.
306 2878 329 2936 4,
347 2880 371 2924 5.

155 2961 180 3020 2)
200 2961 257 3006 Luc.
278 2957 315 3016 14,
336 2959 372 3006 10.
427 2982 430 2986 -
