2284 3484
246 256 388 299 oruurouu
409 256 546 299 erpuinus
567 257 620 298 ruo
641 255 770 297 amnone.
853 238 912 296 159

109 449 202 507 Lucae
224 447 319 522 6(1).·
346 448 405 507 Vae
424 447 503 505 eolis
530 446 680 519 dioitibns,
701 447 773 519 onie
802 446 915 508 latetis

110 547 339 606 consolationem
359 549 486 605 oestrum
506 545 560 603 hic.

191 644 257 704 Non
286 644 375 718 igitur
407 645 475 702 sunt
496 643 611 702 divitiae
632 644 723 701 malae
748 666 763 695 c
776 646 915 703 essentia-

110 744 195 813 liter,¹
220 744 268 803 sed
300 743 512 803 occasionaliter
526 766 555 811 e,
587 742 667 801 iuxta
697 743 768 801 illud
799 743 915 816 Sapien-

111 844 169 901 tiae
191 840 229 901 14
244 843 305 917 (2):
325 840 484 901 Oeeotnroe
497 842 556 900 Dei
568 839 667 911 foetae
679 844 749 900 mont
768 842 801 899 in
815 841 915 900 edinen

111 945 140 999 et
168 942 201 998 in
233 942 419 999 tentationem
440 940 557 998 animae
588 939 805 1014 leoninam(3).
836 939 915 997 Licet

110 1040 201 1113 igitur
232 1040 293 1097 siue
320 1039 433 1111 peccato
453 1055 471 1097 a
490 1038 658 1111 quibusdam
680 1039 856 1110 paucissimis
877 1038 915 1095 di-

112 1138 198 1196 vitiae
218 1137 324 1195 fuerint
336 1137 460 1206 habitae,
476 1138 566 1210 magis
587 1136 683 1194 mmeu
703 1136 858 1194 imitandus
871 1136 915 1194 est

112 1236 250 1295 Dominus
275 1237 399 1294 omnium
426 1235 456 1293 et
476 1235 613 1308 magister
637 1235 771 1307 optimus,
791 1236 840 1307 qui
867 1251 915 1292 eas

111 1334 206 1394 docuit
220 1350 276 1393 non
290 1334 403 1402 habere,
418 1350 473 1391 non
490 1334 580 1391 solum
596 1349 647 1405 pro
662 1332 775 1404 peccato
789 1332 914 1400 mando,

111 1432 161 1491 sed
182 1448 234 1505 pro
255 1447 342 1505 regno
363 1432 504 1491 caelorum
525 1431 666 1489 efficacius
686 1430 864 1502 acquirendo.

191 1529 317 1588 Istorum
339 1530 434 1587 autem
449 1528 656 1601 praedictorum
677 1529 865 1600 periculorum
886 1526 924 1592 et,

111 1629 308 1696 consimilium,
330 1644 400 1701 quae
428 1629 457 1685 iu
479 1626 586 1685 divitiis
611 1627 688 1694 sunt,
710 1621 849 1684 summum
872 1625 916 1684 est

112 1727 264 1785 remedium
299 1725 458 1799 praedictae
478 1726 656 1799 evangelicae
685 1725 825 1784 districtio
847 1742 917 1797 pau-

114 1824 236 1897 pertatis
265 1840 320 1881 non
352 1823 492 1890 habentis¹
514 1823 547 1880 de
578 1838 633 1895 quo
663 1823 787 1881 exterius
817 1839 916 1895 super-

114 1921 174 1980 biai
194 1921 245 1979 aut
266 1922 386 1994 quadam
401 1920 552 1979 securitate
565 1919 697 1988 confidat,
712 1936 767 1980 non
784 1919 915 1978 habentis

112 2021 200 2078 ctiam
216 2021 370 2092 pecuniam,
385 2035 456 2092 queo
472 2018 570 2076 habita
584 2035 692 2077 summe
706 2018 778 2076 solet
791 2019 915 2075 animum

111 2119 218 2175 illicere
240 2117 418 2190 possidentis,
440 2133 496 2175 uon
517 2116 649 2175 habentis
669 2117 785 2188 insuper
805 2117 841 2173 ad
858 2132 914 2173 ma·

111 2234 181 2274 num
209 2216 370 2274 deliciarum
401 2216 628 2288 promptuarium
658 2215 703 2273 vel
735 2216 916 2287 pecuniarum

111 2313 281 2386 depositam,
302 2330 356 2387 quo
377 2313 498 2373 faciliter
517 2313 633 2371 deliciae
653 2313 848 2385 acquiruntur.

196 2412 237 2470 De
259 2412 364 2471 talibus
386 2413 556 2485 pauperibus
574 2412 643 2469 dicit
660 2410 812 2484 Gregorius
826 2411 854 2468 in
868 2410 915 2469 ho

113 2511 192 2569 milia
213 2511 259 2569 Dc
279 2512 366 2570 dieite
395 2513 423 2569 et
450 2510 569 2590 Laeoro
582 2510 644 2585 (4):
670 2508 857 2583 «Pauperum
878 2509 917 2565 vi·

115 2664 275 2673 ,--.--

179 2759 202 2817 l)
220 2759 250 2805 V.
267 2758 306 2805 24.
324 2784 355 2793 -
370 2758 391 2805 A
407 2759 432 2805 et
449 2759 467 2805 L
483 2758 574 2805 addunt
590 2759 641 2804 lie.
787 2758 811 2815 2)
828 2756 857 2801 V.
877 2756 914 2803 11.
931 2778 940 2792 =

177 2840 202 2899 3)
220 2840 320 2897 Bonam,
338 2839 432 2899 Elepoe.
450 2852 507 2898 sup.
525 2840 606 2897 repul.
619 2840 648 2886 F.
660 2838 707 2898 lc,
722 2839 772 2886 c.6
788 2852 812 2885 u.
828 2837 864 2883 l'l.
879 2851 915 2897 sq.

177 2919 203 2982 4)
222 2918 309 2969 Homil.
328 2919 359 2966 40
375 2918 400 2968 iu
416 2933 512 2977 evang„
530 2933 555 2967 n.
572 2919 596 2967 6.
