2284 3484
242 256 385 303 onnrronn
406 255 543 303 revereis
564 256 618 302 eno
638 256 766 303 errrore.
848 239 905 303 153

108 455 179 512 tatis
210 456 239 511 et
270 455 352 515 effioii
385 456 551 527 pastoralis
585 456 633 513 sed
669 473 725 515 non
755 456 784 513 in
820 456 911 513 forme

108 553 187 611 illine
207 554 353 611 districtae
375 554 538 626 disciplinae
560 556 589 611 et
609 555 702 613 debito
722 553 910 626 paupertatis.

110 651 189 709 Unde
205 652 366 709 Bernardne
377 652 409 709 II
422 654 465 709 Do
479 652 707 711 consideratione
716 651 760 725 (1)
772 651 807 709 ed
822 651 910 723 Euge-

110 752 189 823 nium
211 767 313 833 papam
335 752 417 809 dicit:
442 752 521 823 ,Neo
537 754 582 809 est
606 753 684 809 loeus
705 752 770 819 otio,
797 752 844 809 ubi
871 767 910 807 se·

111 849 178 906 duta
200 850 284 921 urget
314 848 481 908 sollicitudo
503 852 636 909 omniurn
655 850 841 907 ecelesiarum
856 850 911 923 (2).

111 948 256 1021 Numquid
277 948 327 1005 tibi
357 949 434 1006 alind
461 949 569 1007 dimisit
597 950 713 1007 sanetus
739 949 912 1022 ¹apostolus?

115 1046 201 1121 Quod
221 1046 318 1116 habeo,
341 1047 433 1121 inquit
448 1046 502 1121 (3),
524 1048 579 1105 hoe
600 1048 711 1105 iibido.
728 1048 800 1116 Quid
821 1047 912 1104 illud?

70 1220 73 1224 ι
111 1144 205 1202 Unum
227 1146 298 1203 seio:
320 1162 410 1217 noque
432 1161 539 1202 eornm
559 1162 651 1217 nequo
667 1148 910 1217 ernestionem

111 1244 172 1314 ipse
193 1243 283 1301 dieat:
306 1243 470 1317 Aoyontnon
491 1246 519 1299 ot
538 1261 647 1301 onrorn
673 1260 734 1300 oon
760 1246 802 1301 est
828 1243 912 1299 mihi.

112 1340 192 1409 Esto,
215 1341 323 1399 utalia
344 1358 517 1414 quacumque
545 1342 655 1399 ratione
682 1342 750 1398 haee
774 1341 827 1397 tibi
854 1342 913 1397 vin·

113 1439 197 1506 dices,
218 1438 265 1496 sed
287 1456 341 1497 non
357 1439 511 1511 apostoiioo
525 1441 601 1507 inre;
622 1456 673 1496 nee
694 1440 768 1495 enim
784 1440 831 1496 ille
845 1439 912 1496 dere

115 1536 167 1593 tibi
198 1536 270 1608 quod
306 1553 361 1595 non
396 1536 496 1595 habuit
528 1537 648 1609 potnit‘.
682 1536 759 1595 Haeo
790 1537 913 1593 Bernar-

115 1634 169 1691 dus
182 1658 196 1686 i>
213 1635 268 1708 (4).

194 1732 236 1789 Ex
257 1732 302 1789 his
322 1733 459 1801 existimo,
481 1734 523 1791 ait
550 1732 655 1800 Senior,
676 1732 734 1790 tuis
761 1732 911 1790 dubitatio-

113 1830 197 1887 nibus
219 1830 406 1887 satisfaotnm.
428 1831 539 1895 Fateor,
560 1832 684 1903 inquam,
706 1848 738 1887 ex
758 1830 848 1901 parte,
864 1830 912 1887 sed

113 1926 234 1984 ulterius
255 1927 368 1985 obsecro
390 1928 506 1985 edoceri.
528 1928 568 1985 De
589 1928 695 1985 sanctis
720 1930 792 1984 enim
815 1928 914 1999 Augu-

113 2024 189 2083 stino
210 2025 239 2081 et
259 2025 323 2082 aliis
343 2025 510 2098 quibusdem
535 2026 641 2098 legitur
656 2026 710 2099 (5),
732 2026 798 2097 quia
818 2040 915 2096 coepe-

114 2122 184 2179 runt
199 2123 291 2179 vivere
307 2124 458 2180 secundnm
474 2123 601 2195 regulam
616 2124 668 2181 snb
683 2124 789 2181 sanetis
803 2123 914 2195 aposto

113 2220 151 2277 lis
171 2219 364 2287 constitutam,
386 2221 465 2278 iuxta
496 2221 569 2293 qnod
598 2221 720 2279 Actuum
742 2221 817 2295 4(6)
847 2222 912 2291 sori-

116 2317 203 2384 bitnr‚
234 2317 307 2391 quod
338 2320 423 2375 orani
453 2319 517 2377 iltis
534 2310 648 2376 'omnia
670 2320 863 2389 commiserim
883 2320 926 2376 et-

114 2417 261 2488 qooeqoot
290 2432 471 2486 possessores
501 2416 654 2475 demerem
689 2420 742 2473 ont
773 2433 913 2489 nororom

113 2542 276 2550 .----·--—-

182 2602 203 2660 1)
222 2602 247 2649 G.
266 2603 280 2648 6
297 2614 321 2647 n.
342 2602 377 2648 10.

178 2681 203 2740 2)
220 2681 243 2727 11
259 2680 311 2728 Gor.
332 2681 369 2737 11,
387 2682 426 2727 28.
735 2682 759 2741 3)
777 2683 831 2729 Aet.
849 2682 873 2739 3,
891 2683 915 2728 6.

179 2761 204 2820 4]
221 2760 345 2819 Hucusque
362 2762 461 2819 Bonev.¹
480 2762 574 2820 Etcpoe.
591 2777 647 2821 sup.
665 2763 745 2820 reynel.
761 2763 791 2807 F.
804 2762 849 2818 M„
866 2761 915 2808 o.4

115 2856 143 2889 n.
165 2840 202 2887 13.
335 2842 361 2901 5)
380 2842 428 2888 cn.
448 2842 547 2901 Bonan,
565 2844 640 2901 Apol.
655 2857 745 2901 paup„
763 2856 784 2888 o.
804 2844 816 2887 7
834 2856 858 2888 n.
876 2842 914 2889 37.

180 2920 205 2979 6)
223 2918 252 2967 V.
270 2920 299 2967 32
316 2922 341 2966 et
358 2920 439 2979 eosq.
