2284 3484
405 293 496 340 emur
517 289 588 341 xm.
841 276 899 339 103

95 490 145 548 tuo
166 489 298 547 dulcius?
319 488 391 558 Quid
411 489 536 561 amplius
556 490 655 561 capit?
676 489 732 548 (tur
756 505 823 562 ergo
843 504 900 546 non

97 603 157 644 snm
179 586 245 645 inde
264 587 437 659 illaqueatus
451 586 481 644 et
500 588 624 659 eaptus?
638 587 766 659 Undique
786 588 902 644 oireum·

97 684 148 742 dat
168 702 213 741 me
233 701 314 743 amor
333 685 411 752 tuus,
432 685 461 742 et
475 686 577 753 neseio,
598 685 665 758 quid
687 685 725 743 sit
746 701 832 744 emor.
848 684 902 742 Sed

96 781 151 839 heu
172 781 257 838 mihil
278 799 329 839 eur
350 784 390 839 sie
409 781 583 840 insensibilis
605 798 702 841 maneo
721 783 781 840 sine
795 783 902 840 causa?

98 879 154 937 Cur
175 879 289 937 vanitas
310 880 376 951 plus
403 896 487 952 quam
510 881 616 938 veritas
641 897 684 938 me
706 880 825 938 allexit?
847 880 903 937 cm

97 978 244 1036 creaturae
257 977 394 1050 iniquitas
415 978 481 1049 pius
499 994 584 1050 quam
606 978 762 1036 salvatoris
782 978 835 1036 mei
856 977 903 1035 be-

97 1076 225 1148 nignitas
245 1093 289 1133 me
302 1075 444 1134 attraxit?
458 1076 515 1135 (tur
535 1076 691 1134 stercorum
712 1077 822 1135 odorem
838 1076 904 1149 pios

97 1190 181 1246 quam
195 1171 392 1245 Redemptoris
406 1175 459 1232 mei
473 1190 595 1232 amorem
616 1175 732 1232 nimium
753 1173 904 1233 adamavi?

178 1269 210 1340 0,
232 1271 370 1344 quantum
390 1272 513 1330 dilexisti
539 1271 689 1341 hominem,
712 1273 787 1330 Deus
808 1275 902 1330 meust

97 1369 161 1428 Non
184 1370 274 1428 solum
297 1386 348 1442 pro
369 1371 431 1442 ipso
456 1372 484 1427 in
505 1387 587 1428 eruee
620 1371 680 1443 poti
701 1370 825 1439 voluisti,
855 1369 904 1428 sed

96 1468 181 1526 etiam
204 1469 297 1539 ipsum
318 1468 395 1539 apud
416 1467 521 1525 inferos
542 1468 666 1525 visitasti
697 1469 726 1526 et
747 1468 839 1526 tecum
868 1468 904 1525 ad

7 1622 8 1629 ,
97 1581 216 1637 superos
243 1565 389 1622 reduxisti.
410 1565 511 1623 Nonne
540 1566 668 1638 potuisti,
697 1566 824 1635 Domine,
853 1582 904 1639 pro

7 1674 8 1683 ¹
96 1663 167 1736 ipsis
188 1662 304 1720 mittere
324 1663 446 1736 aliquem
474 1664 649 1737 angelornm,
679 1665 732 1722 nisi
757 1665 835 1736 ipsos
862 1681 905 1721 ex·

96 1760 228 1819 traheres
250 1777 301 1833 per
322 1761 350 1818 te
371 1763 486 1834 ipsum?
513 1761 570 1819 Our
598 1762 699 1834 ubique
728 1763 771 1819 ris
799 1762 904 1821 homini

97 1857 281 1933 sociari(1)?
309 1859 366 1917 Gur
386 1861 414 1917 in
436 1861 511 1945 omni
542 1860 603 1918 loco
631 1860 674 1917 vis
702 1876 764 1918 eum
793 1859 905 1918 homine

96 1955 251 2014 habitare?
271 1955 343 2026 Quid
370 1956 457 2014 habet
484 1958 537 2014 nisi
559 1958 628 2014 vilia
649 1956 703 2014 iste
724 1957 828 2016 homo?
849 1958 905 2015 Gur

98 2055 193 2126 ipsum
214 2052 311 2127 diligis
330 2055 371 2111 sie
390 2054 522 2112 intense?
542 2054 698 2127 Postquam
714 2055 798 2112 etiarn
814 2072 904 2113 resur·

98 2151 207 2219 rexisti,
222 2151 315 2209 adhue
329 2152 444 2210 voluisti
460 2152 661 2226 qnodroyinio
682 2152 783 2212 debus
799 2153 843 2227 (2)
859 2152 906 2210 ho-

99 2250 168 2306 mini
188 2265 336 2321 apparere,
359 2266 452 2307 seeum
476 2250 653 2322 glorificatus
685 2252 758 2308 vesei
780 2250 905 2320 voluisti,

100 2347 128 2403 et
146 2362 252 2417 paoem
272 2345 386 2404 donans
407 2349 433 2404 te
453 2348 479 2405 ei
494 2347 678 2419 palpabilem
693 2348 829 2406 tribuisti.
843 2348 905 2417 Sed,
930 2332 933 2336 ⁴

101 2443 229 2512 Domine,
249 2459 343 2502 nonne
364 2445 521 2504 suffieiebat
541 2446 657 2511 homini,
680 2447 752 2518 qnod
771 2463 823 2518 pro
844 2447 906 2518 ipso

10 2618 11 2623 η
101 2541 196 2600 fueras
217 2541 366 2600 crucifixus
387 2542 416 2599 et
436 2543 547 2601 demum
568 2544 661 2614 ipsum
689 2544 853 2601 extraxeras
873 2543 906 2602 de

10 2630 11 2669 ³
104 2639 379 2709 infernoividetur,
390 2641 463 2713 quod
479 2641 592 2698 tantum
613 2641 753 2701 hominem
768 2641 909 2712 dilexeris

106 2784 262 2792 w

167 2870 191 2929 1)
208 2870 227 2916 L
244 2870 366 2915 hominem
383 2871 487 2917 sociare.

164 2949 189 3011 2)
208 2948 344 3010 despicitur
360 2949 414 2997 Aet.
434 2950 456 3009 1,
474 2950 489 2998 8
505 2962 554 3009 seq.
573 2951 598 2998 et
614 2948 667 2998 dein
684 2950 740 2998 Luc.
757 2949 797 3011 24,
816 2950 854 2998 36.
