2284 3484
483 252 635 314 ‘summos
655 265 768 314 mosis.

309 463 410 523 Adhuc
430 465 514 523 etiam
529 465 655 538 cogitare
675 464 764 538 potes,
778 463 860 536 quod,
874 479 936 520 cum
961 463 1030 520 sunt

228 563 266 620 ab
286 563 350 621 istis
369 564 554 622 exterioribus
568 563 707 620 abstracti
726 563 755 620 et
775 562 827 620 soli
843 561 900 620 Deo
915 561 1029 629 vacant

228 661 270 719 ita
290 661 433 720 ferventer
457 663 606 720 moventur
629 663 658 719 iu
687 663 790 734 ipsum,
811 661 884 733 quod
913 660 1030 732 propter
1131 725 1132 754 1

228 760 344 817 nimiam
368 760 555 818 intensionem
586 760 689 817 mentis
717 775 819 830 corpus
845 758 962 816 dissolui
991 760 1030 815 vi·

228 857 329 915 deatur
350 858 379 916 et
398 858 435 915 ad
461 859 577 915 nimiam
605 857 752 931 redigatur
779 856 964 914 debilitatem.
991 855 1031 912 ut

227 955 298 1023 idco,
318 955 353 1013 nt
372 957 447 1014 viros
468 956 615 1014 resumant
635 973 685 1014 nec
706 955 819 1029 penitus
839 954 971 1012 deficiant
990 955 1029 1022 ct,

227 1070 263 1111 ne
283 1053 367 1111 ctiam
390 1071 442 1112 sua
463 1055 603 1112 sanctitas
617 1054 654 1111 ab
668 1054 732 1111 aliis
746 1053 913 1110 advertatur
925 1051 979 1127 (1),
999 1069 1030 1110 se

229 1150 351 1210 offerunt
371 1153 484 1224 saepius
510 1152 612 1210 solatio
633 1154 831 1223 proximorum,
842 1167 966 1222 ,semper
985 1151 1030 1206 tae

228 1268 291 1308 men
312 1252 349 1308 ad
368 1250 502 1309 honorem
523 1251 574 1309 Dei
606 1251 698 1308 omnia
729 1249 871 1308 iacientes.
902 1249 942 1306 Et
969 1248 1030 1306 ideo

228 1347 350 1406 stultum
370 1348 423 1417 est,
445 1348 561 1406 fratrem
579 1365 661 1406 suum
677 1364 727 1420 pro
747 1347 874 1420 qualibet
888 1345 977 1405 truffa
991 1347 1031 1403 iu·

227 1445 319 1504 dicare
333 1446 385 1503 aut
404 1446 597 1518 imperfectum
614 1446 755 1518 reputare.
775 1445 858 1502 Multi
873 1445 942 1502 sunt
955 1445 1029 1501 enim

227 1541 419 1601 honestissimi
440 1545 573 1610 exterius,
588 1545 635 1616 qui
654 1559 754 1615 perum
776 1543 840 1602 boui
857 1542 966 1600 iaciunt
987 1543 1030 1599 in-

228 1641 333 1711 terium
354 1642 437 1700 multi
458 1643 526 1699 sunt
546 1642 677 1700 dissoluti
691 1643 720 1698 in
734 1640 871 1713 gestibus,
891 1641 940 1712 qui
961 1639 1031 1697 suut

227 1740 256 1797 in
277 1739 359 1797 corde
380 1741 552 1797 sanctissimi
566 1739 595 1797 et
615 1740 776 1797 amicissimi
792 1738 858 1807 Dei3
880 1738 941 1805 aut,
955 1737 1030 1810 quod

228 1840 308 1910 peius
327 1838 381 1906 est,
402 1839 489 1911 aliqui
512 1837 580 1895 sunt
600 1837 760 1895 hominibus
781 1836 910 1896 odoriferi
931 1836 961 1893 et
988 1852 1030 1894 co

228 1952 290 1993 ram
311 1937 369 1993 Deo
390 1936 459 1993 sunt
479 1935 655 1994 foetidissimi
677 1935 705 1993 ct
726 1953 792 1993 srree
806 1935 953 1992 exterioris
968 1951 1031 1992 sau·

228 2033 338 2092 utitatis
357 2035 412 2092 iam
433 2051 519 2092 saum
543 2037 712 2105 receperunt
738 2031 894 2090 mercedem
909 2032 971 2107 (2);
1000 2032 1031 2090 et
1120 2069 1126 2080 -

226 2132 315 2205 aliqui
334 2133 476 2205 apparent
489 2133 649 2190 homiuibus
668 2132 835 2204 peccatores
849 2147 967 2202 quorum
990 2131 1030 2188 in·

227 2231 314 2289 terior
328 2232 507 2288 conversatio
525 2234 568 2288 est
589 2232 621 2287 in
641 2231 736 2288 coelis.
756 2229 820 2287 Non
844 2229 939 2286 tamen
958 2229 1031 2296 dico,

227 2330 295 2402 quin
315 2327 462 2387 multoties
481 2329 658 2387 conuersatio
678 2328 798 2386 exterior
812 2325 1031 2399 correspondeat

229 2427 367 2485 interiori.
387 2426 434 2495 Et,
456 2426 594 2499 quiahoc
616 2427 659 2484 vcl
680 2427 765 2483 etiam
780 2425 955 2484 contrarium
976 2425 1030 2482 dis·

226 2542 339 2582 cernere
360 2540 415 2583 non
436 2526 572 2592 valemus,
594 2541 689 2582 omnes
721 2541 781 2582 esso
812 2523 863 2580 Dei
891 2522 967 2582 filios
988 2525 1031 2580 iu-

227 2623 350 2680 diccmus
370 2624 399 2681 et
418 2641 468 2682 nos
486 2623 632 2681 inferiores
651 2623 788 2690 omnibus,
804 2622 858 2678 nisi
880 2620 1030 2679 manifeste

228 2767 387 2776 ——q

292 2853 314 2912 1)
332 2852 380 2899 hlii
396 2857 536 2899 avertatur.

290 2933 314 2991 2)
334 2933 422 2978 Motth.
439 2933 464 2991 d,
484 2933 525 2988 163
544 2933 651 2990 sequitur
669 2931 730 2978 Phil.
749 2931 772 2990 3,
790 2931 829 2977 20.
