2284 3484
405 252 496 294 occur
518 253 599 297 xxrrr.
850 235 907 294 127

103 441 173 498 tunc
193 441 342 499 ascendere
363 440 446 499 debet
467 442 597 510 velociuS,
619 457 732 499 currere
752 441 864 510 furtiua,
880 442 908 498 et

104 539 242 597 recentior
263 539 313 596 fiet
333 540 362 596 et
382 540 492 596 aridior
518 539 554 596 ad
583 541 689 597 maiora
718 539 781 608 erit,
803 540 831 596 et
855 539 907 595 sibi

104 637 196 694 levius
216 637 367 709 apparebit
389 637 452 705 iter,
473 636 667 695 delectabilius
688 637 717 694 et
743 639 859 694 suavius
880 638 908 694 et

104 734 214 792 dulcius
228 735 384 807 gradietur,
396 751 450 793 nou
464 737 604 807 quiescere
618 735 725 807 eligens
740 751 791 806 pro
804 737 907 808 quiete.

185 831 254 901 Quis
275 834 348 890 enirn
370 833 492 900 dubitat,
513 833 596 905 quod,
612 833 718 904 quanto
739 832 908 904 contempla-

104 929 157 986 tivi
179 931 299 1002 spiritus
320 931 433 1001 spiritui
455 931 582 988 increato
607 931 730 1002 amplius
757 932 908 1003 appropin-

103 1028 183 1100 quat,
206 1028 280 1100 quod
301 1028 382 1086 tanto
411 1029 587 1100 spiritualior
615 1026 649 1084 tit
676 1028 705 1084 et
732 1029 856 1086 vivacior
880 1029 908 1086 ot

104 1127 268 1198 potentior?
287 1144 320 1184 ac
341 1127 585 1199 approximatione
606 1127 684 1183 illius
704 1128 778 1198 ignia
799 1128 907 1184 aeterni

104 1225 228 1296 amplius
257 1223 453 1281 inflammatur
484 1225 513 1282 et
544 1224 700 1292 animatur,
722 1226 751 1281 et
779 1226 802 1281 ei
824 1226 907 1292 vires,

104 1340 175 1395 quaa
206 1339 258 1394 per
287 1323 493 1396 elongationem
523 1323 667 1390 amiserat,
699 1323 907 1380 restaurantur.

7 1410 8 1415 ¹
103 1421 291 1480 Refocillatur
312 1422 407 1489 etiam,
428 1421 501 1493 quod
523 1420 618 1478 fuerat
638 1421 746 1492 lupone,
761 1437 816 1478 non
831 1423 909 1494 quie-

104 1518 206 1577 scendo
226 1520 348 1592 quietern
380 1521 533 1577 inveniann.
564 1519 633 1576 Cum
665 1520 788 1590 amplius
817 1520 908 1576 ten'dit

103 1618 133 1675 in
157 1635 299 1675 summurn
320 1618 424 1675 bonurn
453 1619 481 1674 et
511 1619 539 1674 in
571 1619 663 1688 ipsum
686 1617 791 1674 clarius
819 1618 909 1674 intuo-

104 1715 162 1784 tur,
182 1717 307 1788 amplius
327 1716 539 1788 appropinquat
567 1716 596 1772 et
621 1699 731 1786 comper
760 1715 907 1772 vehemen-

105 1815 162 1870 tius
183 1813 302 1871 anhelat
322 1814 357 1871 ad
390 1813 417 1869 id
449 1814 553 1879 nitenS,
576 1813 649 1884 quod
670 1813 765 1884 potest
793 1813 816 1869 ei
845 1807 907 1868 inti-

105 1913 178 1968 mius
193 1913 222 1968 et
236 1912 375 1968 intensius
389 1910 542 1967 adhaerere
563 1911 623 1966 eius
642 1911 813 1966 dulcedinem
831 1927 908 1981 prae·

104 2011 227 2081 gustans
238 2008 291 2082 (1).

185 2107 224 2163 Et
244 2106 304 2164 ideo
325 2106 408 2163 stulti
427 2106 546 2172 suntet,
562 2106 629 2178 quid
645 2106 682 2162 sit
697 2106 907 2176 contemplatio,

104 2205 252 2277 inexperti,
273 2206 321 2277 qui
349 2221 434 2262 causa
465 2204 623 2261 resumendi
649 2206 723 2261 vires
750 2205 908 2276 quiescunt.

105 2303 183 2360 Tunc
204 2302 328 2359 habeant
350 2319 401 2374 pro
422 2303 508 2369 certo,
521 2303 596 2373 quod
618 2303 645 2358 in
662 2303 711 2359 illa
726 2302 818 2374 quiete
834 2303 908 2358 vires

105 2417 160 2458 non
183 2402 341 2469 resumunt,
365 2401 411 2457 sed
433 2401 527 2472 potius
543 2402 618 2456 vires
640 2400 771 2472 perdunt.
787 2400 865 2456 Unde
885 2400 908 2456 ai

106 2497 218 2556 fortiter
238 2500 329 2556 currit
351 2498 598 2569 contemplativae,
613 2499 680 2554 tuno
697 2515 781 2555 errave
803 2500 847 2554 est
868 2498 907 2567 ei3

107 2597 130 2652 si
152 2597 236 2668 plane
257 2596 344 2663 vadit,
366 2597 466 2667 incipit
486 2596 618 2667 fatigari3
641 2597 663 2652 ai
685 2595 811 2667 quiescit,
835 2597 909 2652 vires

108 2693 208 2764 perdit.
230 2694 269 2750 Et
290 2695 349 2752 ideo
370 2711 425 2752 non
447 2694 492 2750 eat
518 2695 606 2763 aliud,
627 2696 682 2751 niai
708 2711 768 2752 curn
792 2693 909 2766 Virgine

170 2908 193 2966 1)
211 2908 230 2954 L
246 2905 339 2953 omittit
355 2907 412 2966 quio
428 2907 493 2952 enim
509 2919 582 2963 usque
595 2911 775 2966 praeparatoria.
