2284 3484
432 303 599 345 ruauutulo.
886 303 916 343 lx

112 499 269 568 auctoreS,
284 509 340 558 uec
352 491 391 556 ad
409 510 465 558 uos
481 499 600 576 spectat
614 493 671 557 hac
682 491 722 557 de
734 491 917 575 quaestione

111 616 205 683 agere
223 597 292 684 (t);
316 606 362 666 est
387 599 565 683 compilatio
588 597 704 664 saecum
722 598 797 676 ΧΝ,
820 614 916 682 quiam

110 705 216 770 omnia
239 705 341 790 capita
365 704 501 796 Stiiitoti
522 703 615 789 priuri
639 704 709 770 aliis
733 703 917 770 intermixta

112 818 140 877 et
165 811 276 880 ordine
300 811 426 877 inverso
449 811 603 878 exhibere
631 811 692 876 iarn
715 810 835 876 dicturo
859 816 915 876 est.

202 1008 232 1070 9.
261 1006 305 1070 De
328 1015 465 1071 auctore
480 1006 589 1071 uestri
603 1005 746 1072 stimuli.
773 1043 814 1051 -
839 1007 917 1070 Arrc-

112 1120 214 1180 torem
233 1111 368 1179 Stt'muli
390 1113 488 1178 nostri
506 1130 579 1178 curu
604 1111 752 1178 Suaralea
766 1113 815 1193 (a)
838 1111 917 1177 aliis·

111 1237 176 1304 que
208 1237 276 1286 esse
300 1219 441 1284 diximus
469 1219 508 1285 fr.
534 1219 678 1285 iacobum
711 1218 919 1286 Mediolanen-

111 1343 189 1392 sem.
214 1325 245 1390 lu
274 1326 381 1392 codice
412 1328 451 1390 to
480 1326 557 1410 plut.
587 1325 652 1390 xlx
675 1325 781 1391 dextr.
807 1324 918 1390 biblio·
955 1320 959 1325 ’

112 1433 224 1498 thecae
260 1431 414 1498 Mediceae
450 1431 676 1499 laurentianae
711 1431 795 1497 circa
833 1430 918 1498 1300

110 1539 231 1623 scripto
247 1533 401 1622 tegimus:
424 1564 439 1595 α
458 1538 567 1622 incipit
583 1538 734 1623 prologus
753 1538 783 1602 iu
801 1537 917 1603 tibrum

110 1645 321 1730 compositum
345 1645 478 1711 asratre
498 1644 618 1723 Iacobo,
643 1645 759 1711 lectore
775 1644 918 1710 Mediola-

110 1751 213 1829 ueusi,
229 1750 268 1817 de
283 1751 394 1817 ordine
409 1750 544 1817 fratrum
564 1751 721 1816 ruiooruru
736 1750 784 1832 (3)
798 1777 812 1808 n
824 1775 832 1826 ;
845 1768 918 1816 cou-

20 1847 23 1852 ’
109 1845 223 1926 cordat
246 1857 386 1936 Pisanus
402 1858 456 1943 qui
482 1858 512 1924 iu
538 1857 619 1924 libro
637 1855 919 1942 Consormitatum

110 1965 220 2032 iructu
238 1965 300 2060 tht
315 1983 412 2050 agens
427 1964 465 2031 de
482 1964 691 2049 scriptoribus
707 1963 827 2029 ordinis
846 1963 920 2030 scri·

110 2071 176 2138 bit:
199 2073 412 2138 «Tractatum
442 2071 615 2157 Troucfiye
628 2071 777 2137 devotum
793 2088 920 2156 compo-

111 2179 177 2244 suit
190 2178 318 2263 quidam
337 2180 434 2250 tector
451 2177 686 2245 Mediolanensis
699 2202 735 2256 »3
751 2175 921 2243 concordat

112 2285 233 2368 pariter
256 2284 356 2369 ipsius
381 2285 450 2351 iibri
468 2292 591 2362 auctor,
607 2284 661 2369 quui
678 2301 712 2350 se
737 2284 767 2348 io
789 2283 921 2368 prologo
947 2273 952 2279 ’

179 2470 201 2529 l)
221 2466 270 2516 cfr.
288 2469 385 2528 Doueis,
410 2471 447 2516 De
472 2470 591 2516 l'Auteur
614 2471 648 2515 du
672 2469 793 2514 Stimulos
816 2469 919 2526 amoris,

111 2549 182 2598 Paris
201 2550 270 2596 1885.
295 2549 369 2596 Plura
392 2549 466 2597 etiam
490 2550 552 2608 apud
576 2546 698 2606 sustulere,
717 2549 920 2607 Supplementum

109 2631 146 2678 ad
162 2630 306 2692 Scriptores
323 2631 401 2677 trium
420 2631 543 2676 Ordinem
559 2630 585 2675 8.
603 2629 744 2685 eramiae,
761 2643 816 2687 pag.
835 2628 877 2674 161
893 2629 921 2674 ec

112 2711 159 2760 834
177 2711 232 2770 (sub
249 2711 374 2758 liutricus
390 2712 419 2757 de
434 2711 547 2768 Beona).

176 2792 201 2850 2)
219 2792 247 2838 L.
265 2804 286 2838 o.
304 2805 359 2850 pag.
378 2791 433 2838 372.

177 2872 201 2931 3)
218 2871 270 2918 Gir.
287 2870 399 2929 Remini,
420 2871 555 2930 Oamioyiw
575 2871 687 2916 codicum
709 2871 847 2915 latinorum
868 2868 918 2914 bib·

115 2951 234 2998 h‘othccac
250 2951 373 2998 Moeram
388 2951 587 3007 Laurentionoe,
603 2952 624 2996 t.
641 2950 672 2995 lv
689 2963 745 3008 pag.
762 2951 817 2996 561.

823 3030 839 3062 s
