2284 3484
507 276 794 320 <mmmm
833 275 1112 319 PAnans
1153 277 1262 319 rao
1302 276 1559 368 nuncro.
1726 259 1841 318 195

233 467 392 526 creta
420 466 752 539 sanctuarii,
775 466 1122 539 plaustrum
1144 468 1201 523 et
1229 466 1393 524 boves
1419 466 1478 522 in
1500 465 1844 525 adiutorium

235 566 465 624 minime
509 561 841 637 reee'perunt
870 564 993 639 (1);
1040 563 1223 621 Caath
1265 563 1680 637 interpretatur
1724 580 1847 637 poe-

235 663 481 722 nitentia
511 662 623 738 (2).
664 663 773 721 Hie
828 662 920 720 est
957 661 1222 720 othoniel
1253 660 1363 736 (3),
1414 662 1511 734 qui
1565 662 1847 734 interpre-

236 760 399 819 tatur
428 763 653 835 signnm
675 760 796 829 Dei,
827 760 1005 818 frater
1036 759 1249 831 Caleph
1280 761 1488 828 minor3
1520 758 1733 833 Caleph
1752 760 1841 835 (4)

235 860 384 918 enim
423 861 579 919 canis
607 857 1042 932 interpretatur,
1071 857 1362 930 apostolos
1402 858 1655 931 signam,
1687 856 1846 915 iuxta

237 958 381 1016 illud
412 958 529 1034 (5):
573 957 820 1031 Linyua
863 974 1076 1015 canum
1120 960 1358 1015 tuorum
1399 956 1533 1026 eto.;
1576 956 1669 1014 hic
1718 973 1845 1030 per-

237 1057 419 1115 cussit
460 1055 656 1114 Cariat
695 1054 907 1128 Sepher
938 1054 1048 1129 (6),
1078 1054 1173 1127 qui
1201 1053 1617 1127 interpretatur
1645 1054 1847 1112 civitas

237 1154 583 1222 litterarum,
615 1155 710 1227 qui
740 1153 845 1211 sibi
874 1152 1206 1211 abscondita
1233 1152 1597 1223 sapientibus
1623 1153 1680 1210 et
1694 1168 1848 1224 pru-

239 1252 513 1311 dentibus
543 1251 632 1326 (7)
675 1250 885 1309 mernit
926 1251 1185 1309 revelari.
1229 1250 1337 1308 Hic
1379 1248 1468 1307 est
1508 1250 1845 1308 certe'canis

237 1350 449 1410 Tobiae
480 1350 591 1426 (8),
633 1350 836 1409 idcireo
877 1365 1004 1408 cnm
1046 1348 1226 1407 cauda
1268 1364 1373 1406 sna
1412 1347 1655 1407 ludendo
1684 1356 1849 1420 prae-

202 1507 207 1511 .
240 1450 475 1508 veniens
518 1448 913 1516 revertentem,
956 1448 1049 1520 qui
1096 1444 1542 1520 proficiscentem
1585 1446 1847 1519 sequeba-

245 1548 362 1617 tur,
393 1548 525 1619 quia
553 1548 612 1605 in
641 1547 823 1606 forma
851 1545 1194 1617 apostolicae
1223 1543 1675 1616 praedicationis,
1704 1559 1848 1617 quae

238 1644 631 1704 ascendentem
678 1644 979 1702 Dominum
1022 1642 1110 1701 est
1153 1643 1362 1711 secuta,
1406 1643 1526 1714 ipse
1562 1642 1845 1715 praedica-

239 1744 413 1803 tionis
441 1744 740 1802 clamorem
769 1741 1024 1800 instituit
1051 1740 1361 1813 apostolico
1391 1741 1647 1810 similem,
1676 1741 1845 1813 lupos

160 1891 165 1894 .
239 1860 275 1901 a
301 1858 476 1915 grege
498 1840 724 1900 Domini
749 1838 1167 1909 decernentem3
1197 1837 1257 1896 et
1283 1855 1409 1897 cum
1437 1838 1615 1899 cauda
1642 1839 1845 1896 ludens

241 1939 725 2013 perseverantiam
768 1937 981 1996 ordinis
1022 1952 1200 2009 usque
1247 1938 1306 1994 in
1348 1936 1519 1995 finem
1574 1936 1846 2009 temporis

371 2217 416 2276 1)
452 2216 592 2263 Num.
630 2216 676 2284 7,
711 2215 759 2262 9.
1659 2226 1867 2301 α

366 2298 416 2356 2)
453 2295 549 2343 Cfr.
585 2297 724 2353 nugo
757 2309 785 2340 a
818 2294 866 2341 S.
904 2293 1055 2342 Charo
1087 2293 1138 2339 in
1172 2293 1349 2340 Matth.
1390 2292 1464 2351 13,
1504 2292 1579 2338 11.

269 2369 272 2372 ’
367 2378 415 2436 3)
451 2378 542 2424 Ios.
583 2376 658 2435 15,
698 2376 754 2423 16
788 2389 859 2433 sq.
895 2374 1012 2422 Vide
1046 2373 1260 2431 Origen.,
1286 2373 1472 2420 Homiz.
1497 2372 1560 2419 20
1592 2372 1641 2418 in
1674 2372 1848 2419 librum

237 2460 344 2507 Iesu
378 2458 527 2515 Nave,
565 2472 613 2503 n.
649 2458 705 2503 6:
750 2474 773 2500 ι
795 2455 1066 2513 Gothoniel,
1102 2453 1183 2513 qui
1224 2454 1406 2513 accepit
1438 2451 1680 2501 civitatem
1715 2452 1845 2500 litte·

240 2553 419 2597 rarum,
455 2537 806 2596 interpretatur
837 2537 1094 2595 responsio
1127 2535 1287 2581 Dei».
1324 2533 1423 2582 cfr.
1458 2533 1604 2581 etiam
1638 2532 1845 2581 eiusdem
1879 2571 1889 2579 ,

243 2620 431 2668 Homil.
466 2620 496 2664 5
528 2618 579 2665 in
612 2618 782 2677 Exod„
820 2632 869 2664 n.
905 2618 954 2664 2.

365 2700 417 2758 4)
453 2698 670 2758 Hieron„
706 2698 779 2744 De
810 2712 940 2745 nom.
978 2697 1138 2755 hebr„
1174 2696 1225 2744 in
1258 2695 1397 2743 Num.

367 2781 418 2841 5)
453 2780 531 2827 Ps.
569 2780 648 2838 67,
683 2779 764 2826 24.
1100 2770 1107 2777 ’

366 2862 417 2919 6)
453 2859 570 2907 Vide
601 2858 819 2918 Hieron„
855 2860 1025 2920 Epist.
1064 2858 1153 2905 108
1188 2855 1331 2917 (alias
1363 2856 1466 2917 27),
1504 2870 1552 2904 n.
1592 2855 1667 2903 11.

369 2942 417 3000 ⁷)
453 2940 632 2988 Matth.
672 2939 747 2999 11,
781 2939 862 2987 25.
1449 2938 1498 3000 8)
1535 2937 1649 2985 Tob.
1689 2936 1764 2996 11,
1799 2935 1846 2985 9.
