<?xml version="1.0" encoding="UTF-8"?>
<!DOCTYPE html PUBLIC "-//W3C//DTD XHTML 1.0 Transitional//EN"
    "http://www.w3.org/TR/xhtml1/DTD/xhtml1-transitional.dtd">
<html xmlns="http://www.w3.org/1999/xhtml" xml:lang="en" lang="en">
 <head>
  <title>
</title>
<meta http-equiv="Content-Type" content="text/html;charset=utf-8" />
  <meta name='ocr-system' content='tesseract 3.04.00' />
  <meta name='ocr-capabilities' content='ocr_page ocr_carea ocr_par ocr_line ocrx_word'/>
</head>
<body>
  <div class='ocr_page' id='page_1' title='image "bibliothecafran00romgoog_0071.png"; bbox 0 0 2284 3484; ppageno 0'>
   <div class='ocr_carea' id='block_1_1' title="bbox 238 241 775 297">
    <p class='ocr_par' dir='ltr' id='par_1_1' title="bbox 238 241 775 297">
     <span class='ocr_line' id='line_1_1' title="bbox 238 241 775 297; baseline -0.004 0"><span class='ocrx_word' id='word_1_1' title='bbox 238 241 276 297; x_wconf 89' lang='grc'>46</span> <span class='ocrx_word' id='word_1_2' title='bbox 502 256 642 297; x_wconf 82' lang='lat' dir='ltr'>suruunus</span> <span class='ocrx_word' id='word_1_3' title='bbox 664 256 775 296; x_wconf 81' lang='lat' dir='ltr'>enanis.</span> 
     </span>
    </p>
   </div>
   <div class='ocr_carea' id='block_1_2' title="bbox 164 445 1036 1989">
    <p class='ocr_par' dir='ltr' id='par_1_2' title="bbox 236 445 1036 898">
     <span class='ocr_line' id='line_1_2' title="bbox 237 445 1035 518; baseline 0.001 -16"><span class='ocrx_word' id='word_1_4' title='bbox 237 446 351 518; x_wconf 78' lang='lat' dir='ltr'>Semper</span> <span class='ocrx_word' id='word_1_5' title='bbox 372 447 467 504; x_wconf 88' lang='lat' dir='ltr'>tamen</span> <span class='ocrx_word' id='word_1_6' title='bbox 489 446 623 503; x_wconf 85' lang='lat' dir='ltr'>videreris</span> <span class='ocrx_word' id='word_1_7' title='bbox 644 445 695 504; x_wconf 87' lang='lat' dir='ltr'>tibi</span> <span class='ocrx_word' id='word_1_8' title='bbox 722 447 756 502; x_wconf 86' lang='lat' dir='ltr'>ad</span> <span class='ocrx_word' id='word_1_9' title='bbox 786 445 961 504; x_wconf 84' lang='lat' dir='ltr'>serviendum</span> <span class='ocrx_word' id='word_1_10' title='bbox 976 445 1035 503; x_wconf 81' lang='lat' dir='ltr'>llen</span> 
     </span>
     <span class='ocr_line' id='line_1_3' title="bbox 237 543 1035 617; baseline -0.003 -15"><span class='ocrx_word' id='word_1_11' title='bbox 237 545 326 617; x_wconf 77' lang='lat' dir='ltr'>piger,</span> <span class='ocrx_word' id='word_1_12' title='bbox 348 546 450 617; x_wconf 85' lang='lat' dir='ltr'>aliique</span> <span class='ocrx_word' id='word_1_13' title='bbox 475 545 549 602; x_wconf 81' lang='lat' dir='ltr'>servi</span> <span class='ocrx_word' id='word_1_14' title='bbox 579 544 629 601; x_wconf 87' lang='lat' dir='ltr'>Dei</span> <span class='ocrx_word' id='word_1_15' title='bbox 657 543 785 617; x_wconf 78' lang='lat' dir='ltr'>respectu</span> <span class='ocrx_word' id='word_1_16' title='bbox 813 545 855 601; x_wconf 93' lang='lat' dir='ltr'>tui</span> <span class='ocrx_word' id='word_1_17' title='bbox 882 545 1035 616; x_wconf 82' lang='lat' dir='ltr'>promptis·</span> 
     </span>
     <span class='ocr_line' id='line_1_4' title="bbox 236 643 1034 716; baseline 0 -16"><span class='ocrx_word' id='word_1_18' title='bbox 236 644 299 701; x_wconf 86' lang='lat' dir='ltr'>simi</span> <span class='ocrx_word' id='word_1_19' title='bbox 330 643 515 716; x_wconf 78' lang='lat' dir='ltr'>apparerent,</span> <span class='ocrx_word' id='word_1_20' title='bbox 548 660 643 702; x_wconf 88' lang='lat' dir='ltr'>eorum</span> <span class='ocrx_word' id='word_1_21' title='bbox 674 644 844 715; x_wconf 73' lang='lat' dir='ltr'><strong>promptitas</strong></span> <span class='ocrx_word' id='word_1_22' title='bbox 878 643 952 699; x_wconf 84' lang='lat' dir='ltr'>esset</span> <span class='ocrx_word' id='word_1_23' title='bbox 982 643 1034 700; x_wconf 88' lang='lat' dir='ltr'>tibi</span> 
     </span>
     <span class='ocr_line' id='line_1_5' title="bbox 236 741 1036 814; baseline 0 -17"><span class='ocrx_word' id='word_1_24' title='bbox 236 742 264 798; x_wconf 93' lang='lat' dir='ltr'>in</span> <span class='ocrx_word' id='word_1_25' title='bbox 287 759 420 814; x_wconf 84' lang='lat' dir='ltr'>magnum</span> <span class='ocrx_word' id='word_1_26' title='bbox 448 741 592 814; x_wconf 82' lang='lat' dir='ltr'>gaudium,</span> <span class='ocrx_word' id='word_1_27' title='bbox 615 741 662 798; x_wconf 87' lang='lat' dir='ltr'>sed</span> <span class='ocrx_word' id='word_1_28' title='bbox 684 741 734 798; x_wconf 88' lang='lat' dir='ltr'>tna</span> <span class='ocrx_word' id='word_1_29' title='bbox 762 741 877 813; x_wconf 78' lang='lat' dir='ltr'>pigritia</span> <span class='ocrx_word' id='word_1_30' title='bbox 903 742 930 798; x_wconf 93' lang='lat' dir='ltr'>in</span> <span class='ocrx_word' id='word_1_31' title='bbox 960 757 1036 798; x_wconf 79' lang='lat' dir='ltr'>rune-</span> 
     </span>
     <span class='ocr_line' id='line_1_6' title="bbox 236 856 336 898; baseline 0 -2"><span class='ocrx_word' id='word_1_32' title='bbox 236 856 336 898; x_wconf 86' lang='lat' dir='ltr'>rorem.</span> 
     </span>
    </p>

    <p class='ocr_par' dir='ltr' id='par_1_3' title="bbox 164 937 1035 1989">
     <span class='ocr_line' id='line_1_7' title="bbox 315 937 1035 1012; baseline -0.004 -16"><span class='ocrx_word' id='word_1_33' title='bbox 315 937 427 996; x_wconf 77' lang='lat' dir='ltr'><strong><em>Accede</em></strong></span> <span class='ocrx_word' id='word_1_34' title='bbox 448 955 523 1012; x_wconf 81' lang='lat' dir='ltr'>erge,</span> <span class='ocrx_word' id='word_1_35' title='bbox 538 939 629 1005; x_wconf 84' lang='lat' dir='ltr'>heure,</span> <span class='ocrx_word' id='word_1_36' title='bbox 645 939 686 997; x_wconf 82' lang='lat' dir='ltr'>ad</span> <span class='ocrx_word' id='word_1_37' title='bbox 704 953 754 994; x_wconf 88' lang='lat' dir='ltr'>eor</span> <span class='ocrx_word' id='word_1_38' title='bbox 768 937 871 1008; x_wconf 84' lang='lat' dir='ltr'>altam,</span> <span class='ocrx_word' id='word_1_39' title='bbox 886 939 914 993; x_wconf 85' lang='lat' dir='ltr'>et</span> <span class='ocrx_word' id='word_1_40' title='bbox 933 939 961 994; x_wconf 92' lang='lat' dir='ltr'>in</span> <span class='ocrx_word' id='word_1_41' title='bbox 976 937 1035 993; x_wconf 89' lang='lat' dir='ltr'>tuis</span> 
     </span>
     <span class='ocr_line' id='line_1_8' title="bbox 234 1034 1034 1109; baseline -0.005 -15"><span class='ocrx_word' id='word_1_42' title='bbox 234 1036 345 1094; x_wconf 82' lang='lat' dir='ltr'>antibus</span> <span class='ocrx_word' id='word_1_43' title='bbox 355 1036 531 1094; x_wconf 83' lang='lat' dir='ltr'>eaallabr&#39;tar</span> <span class='ocrx_word' id='word_1_44' title='bbox 541 1037 623 1094; x_wconf 88' lang='lat' dir='ltr'>Deas</span> <span class='ocrx_word' id='word_1_45' title='bbox 634 1039 702 1094; x_wconf 82' lang='lat' dir='ltr'>taus</span> <span class='ocrx_word' id='word_1_46' title='bbox 713 1034 767 1109; x_wconf 82' lang='lat'>(1).</span> <span class='ocrx_word' id='word_1_47' title='bbox 779 1035 807 1092; x_wconf 91' lang='lat' dir='ltr'>Si</span> <span class='ocrx_word' id='word_1_48' title='bbox 818 1035 890 1092; x_wconf 86' lang='lat' dir='ltr'>eninr</span> <span class='ocrx_word' id='word_1_49' title='bbox 901 1034 1034 1091; x_wconf 79' lang='lat' dir='ltr'><strong>habueris</strong></span> 
     </span>
     <span class='ocr_line' id='line_1_9' title="bbox 164 1133 1034 1202; baseline -0.002 -12"><span class='ocrx_word' id='word_1_50' title='bbox 164 1191 167 1198; x_wconf 79' lang='grc'><strong>,</strong></span> <span class='ocrx_word' id='word_1_51' title='bbox 234 1150 281 1192; x_wconf 88' lang='lat' dir='ltr'>eor</span> <span class='ocrx_word' id='word_1_52' title='bbox 301 1133 429 1191; x_wconf 87' lang='lat' dir='ltr'>iufirnnrn</span> <span class='ocrx_word' id='word_1_53' title='bbox 444 1135 472 1190; x_wconf 87' lang='lat' dir='ltr'>et</span> <span class='ocrx_word' id='word_1_54' title='bbox 486 1135 639 1202; x_wconf 83' lang='lat' dir='ltr'>terrenum,</span> <span class='ocrx_word' id='word_1_55' title='bbox 654 1135 770 1190; x_wconf 88' lang='lat' dir='ltr'>minima</span> <span class='ocrx_word' id='word_1_56' title='bbox 783 1133 899 1190; x_wconf 83' lang='lat' dir='ltr'>servitia</span> <span class='ocrx_word' id='word_1_57' title='bbox 913 1133 1034 1189; x_wconf 82' lang='lat' dir='ltr'>maxima</span> 
     </span>
     <span class='ocr_line' id='line_1_10' title="bbox 234 1229 1033 1304; baseline -0.004 -16"><span class='ocrx_word' id='word_1_58' title='bbox 234 1231 388 1303; x_wconf 83' lang='lat' dir='ltr'>reputabis,</span> <span class='ocrx_word' id='word_1_59' title='bbox 410 1233 530 1303; x_wconf 87' lang='lat' dir='ltr'>atquae</span> <span class='ocrx_word' id='word_1_60' title='bbox 551 1233 632 1304; x_wconf 89' lang='lat' dir='ltr'>quasi</span> <span class='ocrx_word' id='word_1_61' title='bbox 653 1231 721 1288; x_wconf 87' lang='lat' dir='ltr'>nihil</span> <span class='ocrx_word' id='word_1_62' title='bbox 743 1233 836 1298; x_wconf 86' lang='lat' dir='ltr'>erunt,</span> <span class='ocrx_word' id='word_1_63' title='bbox 851 1230 901 1288; x_wconf 86' lang='lat' dir='ltr'>tibi</span> <span class='ocrx_word' id='word_1_64' title='bbox 923 1229 1033 1287; x_wconf 85' lang='lat' dir='ltr'>diffieil-</span> 
     </span>
     <span class='ocr_line' id='line_1_11' title="bbox 232 1329 1033 1401; baseline -0.001 -15"><span class='ocrx_word' id='word_1_65' title='bbox 232 1329 301 1386; x_wconf 87' lang='lat' dir='ltr'>lima</span> <span class='ocrx_word' id='word_1_66' title='bbox 322 1329 509 1401; x_wconf 88' lang='lat' dir='ltr'>apparebunt,</span> <span class='ocrx_word' id='word_1_67' title='bbox 525 1329 553 1386; x_wconf 90' lang='lat' dir='ltr'>et</span> <span class='ocrx_word' id='word_1_68' title='bbox 570 1330 629 1397; x_wconf 91' lang='lat' dir='ltr'>illa,</span> <span class='ocrx_word' id='word_1_69' title='bbox 645 1346 715 1401; x_wconf 86' lang='lat' dir='ltr'>quae</span> <span class='ocrx_word' id='word_1_70' title='bbox 730 1345 781 1401; x_wconf 89' lang='lat' dir='ltr'>pro</span> <span class='ocrx_word' id='word_1_71' title='bbox 796 1331 823 1386; x_wconf 93' lang='lat' dir='ltr'>te</span> <span class='ocrx_word' id='word_1_72' title='bbox 837 1329 888 1386; x_wconf 88' lang='lat' dir='ltr'>aut</span> <span class='ocrx_word' id='word_1_73' title='bbox 908 1344 960 1400; x_wconf 85' lang='lat' dir='ltr'>pre</span> <span class='ocrx_word' id='word_1_74' title='bbox 978 1344 1033 1385; x_wconf 87' lang='lat' dir='ltr'>ann</span> 
     </span>
     <span class='ocr_line' id='line_1_12' title="bbox 233 1425 1034 1500; baseline -0.001 -17"><span class='ocrx_word' id='word_1_75' title='bbox 233 1428 369 1485; x_wconf 78' lang='lat' dir='ltr'>vilissime</span> <span class='ocrx_word' id='word_1_76' title='bbox 391 1429 479 1486; x_wconf 85' lang='lat' dir='ltr'>arnico</span> <span class='ocrx_word' id='word_1_77' title='bbox 500 1428 549 1486; x_wconf 87' lang='lat' dir='ltr'>tue</span> <span class='ocrx_word' id='word_1_78' title='bbox 570 1427 690 1484; x_wconf 78' lang='lat' dir='ltr'>libenter</span> <span class='ocrx_word' id='word_1_79' title='bbox 712 1427 826 1495; x_wconf 77' lang='lat' dir='ltr'>faceres</span> <span class='ocrx_word' id='word_1_80' title='bbox 847 1443 899 1500; x_wconf 88' lang='lat' dir='ltr'>pre</span> <span class='ocrx_word' id='word_1_81' title='bbox 919 1425 977 1483; x_wconf 88' lang='lat' dir='ltr'>llen</span> <span class='ocrx_word' id='word_1_82' title='bbox 994 1425 1034 1483; x_wconf 88' lang='lat' dir='ltr'>al-</span> 
     </span>
     <span class='ocr_line' id='line_1_13' title="bbox 233 1524 1033 1599; baseline -0.003 -17"><span class='ocrx_word' id='word_1_83' title='bbox 233 1524 343 1584; x_wconf 88' lang='lat' dir='ltr'>tissimo</span> <span class='ocrx_word' id='word_1_84' title='bbox 365 1525 454 1584; x_wconf 85' lang='lat' dir='ltr'>faeere</span> <span class='ocrx_word' id='word_1_85' title='bbox 475 1525 678 1599; x_wconf 71' lang='lat' dir='ltr'>aggravaberis</span> <span class='ocrx_word' id='word_1_86' title='bbox 700 1526 777 1582; x_wconf 88' lang='lat' dir='ltr'>ultra</span> <span class='ocrx_word' id='word_1_87' title='bbox 792 1525 919 1593; x_wconf 86' lang='lat' dir='ltr'>medum;</span> <span class='ocrx_word' id='word_1_88' title='bbox 940 1525 1033 1581; x_wconf 84' lang='lat' dir='ltr'>dulcia</span> 
     </span>
     <span class='ocr_line' id='line_1_14' title="bbox 233 1621 1033 1696; baseline 0 -16"><span class='ocrx_word' id='word_1_89' title='bbox 233 1621 262 1680; x_wconf 89' lang='lat' dir='ltr'>et</span> <span class='ocrx_word' id='word_1_90' title='bbox 282 1623 415 1681; x_wconf 86' lang='lat' dir='ltr'>amabilia</span> <span class='ocrx_word' id='word_1_91' title='bbox 436 1623 582 1696; x_wconf 89' lang='lat' dir='ltr'>reputabis</span> <span class='ocrx_word' id='word_1_92' title='bbox 602 1641 701 1681; x_wconf 87' lang='lat' dir='ltr'>amara</span> <span class='ocrx_word' id='word_1_93' title='bbox 721 1624 750 1681; x_wconf 91' lang='lat' dir='ltr'>et</span> <span class='ocrx_word' id='word_1_94' title='bbox 769 1625 946 1682; x_wconf 88' lang='lat' dir='ltr'>amarissima</span> <span class='ocrx_word' id='word_1_95' title='bbox 969 1623 1033 1680; x_wconf 85' lang='lat' dir='ltr'>dul·</span> 
     </span>
     <span class='ocr_line' id='line_1_15' title="bbox 232 1721 1034 1780; baseline 0 -2"><span class='ocrx_word' id='word_1_96' title='bbox 232 1722 345 1778; x_wconf 87' lang='lat' dir='ltr'>eissima</span> <span class='ocrx_word' id='word_1_97' title='bbox 377 1722 519 1780; x_wconf 75' lang='lat' dir='ltr'>iudicabis,</span> <span class='ocrx_word' id='word_1_98' title='bbox 547 1721 652 1780; x_wconf 83' lang='lat' dir='ltr'>Oculus</span> <span class='ocrx_word' id='word_1_99' title='bbox 679 1722 811 1779; x_wconf 87' lang='lat' dir='ltr'>infirmas</span> <span class='ocrx_word' id='word_1_100' title='bbox 836 1721 1034 1780; x_wconf 82' lang='lat' dir='ltr'>irradiationes</span> 
     </span>
     <span class='ocr_line' id='line_1_16' title="bbox 233 1819 1033 1878; baseline -0.001 -2"><span class='ocrx_word' id='word_1_101' title='bbox 233 1819 301 1877; x_wconf 86' lang='lat' dir='ltr'>selis</span> <span class='ocrx_word' id='word_1_102' title='bbox 322 1819 447 1876; x_wconf 87' lang='lat' dir='ltr'>iustitiae</span> <span class='ocrx_word' id='word_1_103' title='bbox 469 1819 633 1878; x_wconf 86' lang='lat' dir='ltr'>abhorrebit</span> <span class='ocrx_word' id='word_1_104' title='bbox 647 1820 675 1877; x_wconf 90' lang='lat' dir='ltr'>et</span> <span class='ocrx_word' id='word_1_105' title='bbox 694 1820 839 1877; x_wconf 88' lang='lat' dir='ltr'>ambulare</span> <span class='ocrx_word' id='word_1_106' title='bbox 859 1821 888 1876; x_wconf 91' lang='lat' dir='ltr'>in</span> <span class='ocrx_word' id='word_1_107' title='bbox 909 1819 1033 1876; x_wconf 86' lang='lat' dir='ltr'>tenebris</span> 
     </span>
     <span class='ocr_line' id='line_1_17' title="bbox 232 1916 1034 1989; baseline -0.002 -15"><span class='ocrx_word' id='word_1_108' title='bbox 232 1916 385 1974; x_wconf 82' lang='lat' dir='ltr'>affectabit.</span> <span class='ocrx_word' id='word_1_109' title='bbox 408 1917 448 1974; x_wconf 89' lang='lat' dir='ltr'>De</span> <span class='ocrx_word' id='word_1_110' title='bbox 476 1917 674 1989; x_wconf 87' lang='lat' dir='ltr'>spiritualibus</span> <span class='ocrx_word' id='word_1_111' title='bbox 695 1917 771 1974; x_wconf 81' lang='lat' dir='ltr'>vitiis</span> <span class='ocrx_word' id='word_1_112' title='bbox 795 1917 985 1988; x_wconf 86' lang='lat' dir='ltr'>triumphabis</span> <span class='ocrx_word' id='word_1_113' title='bbox 1004 1918 1034 1974; x_wconf 90' lang='lat' dir='ltr'>et</span> 
     </span>
    </p>
   </div>
   <div class='ocr_carea' id='block_1_3' title="bbox 233 2010 1128 2089">
    <p class='ocr_par' dir='ltr' id='par_1_4' title="bbox 233 2010 1128 2089">
     <span class='ocr_line' id='line_1_18' title="bbox 233 2010 1128 2089; baseline 0.001 -18"><span class='ocrx_word' id='word_1_114' title='bbox 233 2015 260 2072; x_wconf 90' lang='lat' dir='ltr'>te</span> <span class='ocrx_word' id='word_1_115' title='bbox 278 2015 449 2087; x_wconf 85' lang='lat' dir='ltr'>triumphari</span> <span class='ocrx_word' id='word_1_116' title='bbox 463 2034 480 2073; x_wconf 93' lang='lat' dir='ltr'>a</span> <span class='ocrx_word' id='word_1_117' title='bbox 494 2016 676 2074; x_wconf 84' lang='lat' dir='ltr'>daemonibus</span> <span class='ocrx_word' id='word_1_118' title='bbox 696 2016 856 2089; x_wconf 81' lang='lat' dir='ltr'>ignorabis3</span> <span class='ocrx_word' id='word_1_119' title='bbox 876 2014 1033 2087; x_wconf 80' lang='lat' dir='ltr'>applicabis</span> <span class='ocrx_word' id='word_1_120' title='bbox 1127 2010 1128 2083; x_wconf 74' lang='lat' dir='ltr'>J</span> 
     </span>
    </p>
   </div>
   <div class='ocr_carea' id='block_1_4' title="bbox 231 2114 1034 2186">
    <p class='ocr_par' dir='ltr' id='par_1_5' title="bbox 231 2114 1034 2186">
     <span class='ocr_line' id='line_1_19' title="bbox 231 2114 1034 2186; baseline 0.001 -17"><span class='ocrx_word' id='word_1_121' title='bbox 231 2129 352 2169; x_wconf 81' lang='lat' dir='ltr'>manaae</span> <span class='ocrx_word' id='word_1_122' title='bbox 368 2114 484 2184; x_wconf 89' lang='lat' dir='ltr'>prepter</span> <span class='ocrx_word' id='word_1_123' title='bbox 496 2115 639 2186; x_wconf 81' lang='lat' dir='ltr'>pigritiam</span> <span class='ocrx_word' id='word_1_124' title='bbox 656 2115 709 2172; x_wconf 86' lang='lat' dir='ltr'>sab</span> <span class='ocrx_word' id='word_1_125' title='bbox 721 2114 830 2172; x_wconf 80' lang='lat' dir='ltr'>ascella</span> <span class='ocrx_word' id='word_1_126' title='bbox 843 2117 872 2170; x_wconf 92' lang='lat' dir='ltr'>et</span> <span class='ocrx_word' id='word_1_127' title='bbox 886 2115 914 2170; x_wconf 91' lang='lat' dir='ltr'>in</span> <span class='ocrx_word' id='word_1_128' title='bbox 926 2117 1034 2172; x_wconf 82' lang='lat' dir='ltr'>aestate</span> 
     </span>
    </p>
   </div>
   <div class='ocr_carea' id='block_1_5' title="bbox 231 2211 1128 2483">
    <p class='ocr_par' dir='ltr' id='par_1_6' title="bbox 231 2211 1128 2483">
     <span class='ocr_line' id='line_1_20' title="bbox 231 2211 1128 2285; baseline 0.003 -19"><span class='ocrx_word' id='word_1_129' title='bbox 231 2211 338 2282; x_wconf 86' lang='lat' dir='ltr'>gloriae</span> <span class='ocrx_word' id='word_1_130' title='bbox 358 2211 536 2270; x_wconf 76' lang='lat' dir='ltr'>mendicabis</span> <span class='ocrx_word' id='word_1_131' title='bbox 547 2212 603 2285; x_wconf 82' lang='lat'><strong>(2).</strong></span> <span class='ocrx_word' id='word_1_132' title='bbox 623 2213 676 2270; x_wconf 86' lang='lat' dir='ltr'>Sed</span> <span class='ocrx_word' id='word_1_133' title='bbox 691 2229 742 2270; x_wconf 82' lang='lat' dir='ltr'>vae</span> <span class='ocrx_word' id='word_1_134' title='bbox 757 2213 824 2269; x_wconf 82' lang='lat' dir='ltr'>tibi!</span> <span class='ocrx_word' id='word_1_135' title='bbox 840 2213 887 2284; x_wconf 91' lang='lat' dir='ltr'>qui</span> <span class='ocrx_word' id='word_1_136' title='bbox 905 2213 960 2269; x_wconf 85' lang='lat' dir='ltr'>ianr</span> <span class='ocrx_word' id='word_1_137' title='bbox 977 2229 1033 2270; x_wconf 84' lang='lat' dir='ltr'>rien</span> <span class='ocrx_word' id='word_1_138' title='bbox 1127 2248 1128 2263; x_wconf 42' lang='lat' dir='ltr'>r</span> 
     </span>
     <span class='ocr_line' id='line_1_21' title="bbox 232 2288 1128 2382; baseline 0.004 -17"><span class='ocrx_word' id='word_1_139' title='bbox 232 2308 312 2378; x_wconf 86' lang='lat' dir='ltr'>putes</span> <span class='ocrx_word' id='word_1_140' title='bbox 334 2307 431 2366; x_wconf 85' lang='lat' dir='ltr'>bestiis</span> <span class='ocrx_word' id='word_1_141' title='bbox 452 2312 620 2382; x_wconf 81' lang='lat' dir='ltr'>comparari.</span> <span class='ocrx_word' id='word_1_142' title='bbox 641 2311 756 2368; x_wconf 89' lang='lat' dir='ltr'>Utinam</span> <span class='ocrx_word' id='word_1_143' title='bbox 777 2310 877 2368; x_wconf 86' lang='lat' dir='ltr'>saltem</span> <span class='ocrx_word' id='word_1_144' title='bbox 896 2311 1034 2368; x_wconf 74' lang='lat' dir='ltr'>trementis</span> <span class='ocrx_word' id='word_1_145' title='bbox 1127 2288 1128 2347; x_wconf 53' lang='grc' dir='ltr'><strong>Ῑ</strong></span> 
     </span>
     <span class='ocr_line' id='line_1_22' title="bbox 231 2406 1128 2483; baseline 0.009 -23"><span class='ocrx_word' id='word_1_146' title='bbox 231 2421 306 2462; x_wconf 88' lang='lat' dir='ltr'>esses</span> <span class='ocrx_word' id='word_1_147' title='bbox 327 2406 434 2466; x_wconf 72' lang='lat' dir='ltr'>similis</span> <span class='ocrx_word' id='word_1_148' title='bbox 447 2407 501 2481; x_wconf 85' lang='grc'>(3),</span> <span class='ocrx_word' id='word_1_149' title='bbox 516 2425 588 2480; x_wconf 82' lang='lat' dir='ltr'>quae</span> <span class='ocrx_word' id='word_1_150' title='bbox 606 2426 719 2467; x_wconf 88' lang='lat' dir='ltr'>suerum</span> <span class='ocrx_word' id='word_1_151' title='bbox 736 2409 858 2467; x_wconf 89' lang='lat' dir='ltr'>subeunt</span> <span class='ocrx_word' id='word_1_152' title='bbox 875 2425 962 2467; x_wconf 87' lang='lat' dir='ltr'>onera</span> <span class='ocrx_word' id='word_1_153' title='bbox 983 2410 1033 2467; x_wconf 88' lang='lat' dir='ltr'>dn-</span> <span class='ocrx_word' id='word_1_154' title='bbox 1127 2430 1128 2483; x_wconf 74' lang='lat' dir='ltr'>j</span> 
     </span>
    </p>
   </div>
   <div class='ocr_carea' id='block_1_6' title="bbox 231 2503 1035 2580">
    <p class='ocr_par' dir='ltr' id='par_1_7' title="bbox 231 2503 1035 2580">
     <span class='ocr_line' id='line_1_23' title="bbox 231 2503 1035 2580; baseline 0.005 -20"><span class='ocrx_word' id='word_1_155' title='bbox 231 2503 379 2561; x_wconf 87' lang='lat' dir='ltr'>minarum.</span> <span class='ocrx_word' id='word_1_156' title='bbox 402 2504 467 2564; x_wconf 87' lang='lat' dir='ltr'>Non</span> <span class='ocrx_word' id='word_1_157' title='bbox 490 2507 596 2577; x_wconf 88' lang='lat' dir='ltr'>peteris</span> <span class='ocrx_word' id='word_1_158' title='bbox 620 2524 653 2564; x_wconf 86' lang='lat' dir='ltr'>ea</span> <span class='ocrx_word' id='word_1_159' title='bbox 680 2508 713 2565; x_wconf 90' lang='lat' dir='ltr'>de</span> <span class='ocrx_word' id='word_1_160' title='bbox 741 2509 824 2580; x_wconf 83' lang='lat' dir='ltr'>eulpa</span> <span class='ocrx_word' id='word_1_161' title='bbox 851 2524 980 2580; x_wconf 85' lang='lat' dir='ltr'>arguere,</span> <span class='ocrx_word' id='word_1_162' title='bbox 1005 2509 1035 2566; x_wconf 85' lang='lat' dir='ltr'>et</span> 
     </span>
    </p>
   </div>
   <div class='ocr_carea' id='block_1_7' title="bbox 231 2655 389 2665">
    <p class='ocr_par' dir='ltr' id='par_1_8' title="bbox 231 2655 389 2665">
     <span class='ocr_line' id='line_1_24' title="bbox 231 2655 389 2665; baseline 0.006 -1"><span class='ocrx_word' id='word_1_163' title='bbox 231 2655 389 2665; x_wconf 44' lang='lat' dir='ltr'>..mam-.—</span> 
     </span>
    </p>
   </div>
   <div class='ocr_carea' id='block_1_8' title="bbox 292 2750 717 2971">
    <p class='ocr_par' dir='ltr' id='par_1_9' title="bbox 292 2750 717 2971">
     <span class='ocr_line' id='line_1_25' title="bbox 295 2750 473 2809; baseline 0.017 -14"><span class='ocrx_word' id='word_1_164' title='bbox 295 2750 473 2809; x_wconf 54' lang='lat' dir='ltr'>Ufflfflb</span> 
     </span>
     <span class='ocr_line' id='line_1_26' title="bbox 292 2829 717 2891; baseline 0.014 -16"><span class='ocrx_word' id='word_1_165' title='bbox 292 2829 717 2891; x_wconf 53' lang='lat' dir='ltr'>Qffiffiwmfflafflb</span> 
     </span>
     <span class='ocr_line' id='line_1_27' title="bbox 293 2909 558 2971; baseline 0.008 -15"><span class='ocrx_word' id='word_1_166' title='bbox 293 2909 558 2971; x_wconf 45' lang='lat' dir='ltr'>fflffifflssss</span> 
     </span>
    </p>
   </div>
   <div class='ocr_carea' id='block_1_9' title="bbox 0 0 1146 3484">
    <p class='ocr_par' dir='ltr' id='par_1_10' title="bbox 0 0 1146 3484">
     <span class='ocr_line' id='line_1_28' title="bbox 0 0 1146 3484; baseline 0 2"><span class='ocrx_word' id='word_1_167' title='bbox 0 0 1146 3484; x_wconf 95' lang='lat' dir='ltr'> </span> 
     </span>
    </p>
   </div>
  </div>
 </body>
</html>
