2284 3484
229 235 269 291 64
492 254 633 295 sumus
654 253 769 296 anuum.

866 355 1025 364 .—

229 459 340 514 samper
359 444 424 500 uult
451 461 514 501 eum
541 445 592 502 tuo
619 444 691 501 Filio
716 445 891 512 commorari,
920 460 1029 516 semper

229 558 282 598 sua
301 558 386 599 earne
399 541 497 610 eibari,
513 559 565 600 suo
585 544 723 616 sauguine
736 542 886 610 inebriari3
907 542 1030 599 ubicum-

228 655 283 712 que
302 639 397 730 fuerit,
418 657 511 697 secum
532 641 597 697 vuit
617 641 725 712 pariter
744 642 917 698 commorari.
947 639 1038 696 Nune

229 754 323 794 secum
343 740 465 809 apparet
484 740 514 796 in
539 741 685 811 praesepio
707 755 804 810 parva,
833 755 907 796 nunc
935 739 1029 794 autern

230 851 323 892 mcum
345 835 474 908 Virginis
494 836 618 894 brachiis
637 837 825 909 amplexatur,
839 837 967 909 Virginis
980 834 1031 893 hu·

230 935 315 990 meris
343 933 522 1005 deportatur,
542 934 670 1007 Virginis
698 936 771 992 tacte
798 935 918 992 furatur.
948 934 1031 992 Nune

230 1048 323 1089 secum
344 1031 416 1100 sitit,
445 1048 520 1089 nune
548 1049 641 1090 seeum
670 1033 807 1101 famescit,
836 1049 910 1090 nunc
938 1048 1031 1089 sesnin

230 1130 405 1200 conspuitur,
426 1145 501 1187 nune
522 1147 616 1188 seeum
637 1131 813 1198 vulneratur,
835 1146 909 1188 nunc
938 1147 1030 1186 seaurn

230 1229 260 1284 in
279 1244 369 1295 cruce,
390 1244 466 1284 nunu
486 1245 581 1285 secum
601 1231 629 1286 in
653 1229 737 1286 caelis
755 1229 880 1286 laetatur
900 1227 977 1300 apud
994 1228 1032 1300 te,

230 1342 305 1382 nune
325 1326 470 1394 tristatur,
487 1343 563 1383 nunc
584 1344 676 1384 seeum
696 1327 874 1395 consolatur;
900 1342 1033 1399 quocum-

230 1441 283 1495 que
304 1424 469 1495 perrexerit,
497 1441 590 1481 seeum
610 1425 698 1493 vadit,
727 1426 786 1482 sine
814 1425 874 1496 ipsu
895 1438 1033 1480 essenon

230 1521 357 1592 quaerit;
388 1521 424 1577 ad
454 1520 525 1578 nihil
552 1539 583 1578 se
615 1522 709 1593 potest
737 1524 846 1578 vertere
874 1522 934 1577 sine
962 1522 1032 1592 ipsu.

231 1618 303 1686 Quid
323 1637 390 1692 ergo
411 1621 501 1678 dicam
523 1621 575 1677 tibi
597 1621 672 1678 Deus
700 1620 787 1678 Pater
814 1620 846 1678 de
872 1620 944 1676 Filio
972 1620 1031 1690 tuo,

231 1718 305 1790 quod
335 1720 459 1775 animam
490 1719 557 1775 mihi
585 1720 707 1776 deditam
737 1721 776 1776 sie
805 1735 855 1776 suo
882 1717 1035 1775 inebriavit

231 1798 335 1882 arnore,
357 1816 511 1873 sinautem
533 1818 670 1874 alienavit
689 1835 706 1874 a
727 1819 791 1874 une?

311 1915 338 1970 Si
367 1916 494 1985 rapinam
524 1916 672 1981 cummisit,
701 1915 797 1972 iubeas
825 1913 953 1982 restitui3
982 1929 1035 1970 nee

230 2013 303 2068 enirn
325 2029 426 2083 parum
447 2013 516 2069 mihi
538 2013 650 2070 videtur
671 2015 711 2070 sie
732 2029 831 2085 rapere
852 2028 938 2069 unam
960 2029 1035 2068 men·

231 2110 298 2166 tem.
320 2110 376 2167 Cur
397 2101 470 2168 eriirn
491 2114 586 2169 arriana
601 2112 668 2170 mihi
682 2112 819 2183 deputata
839 2113 928 2169 solum
952 2112 1033 2167 tuum

232 2208 334 2265 Filium
355 2208 469 2280 diligit?
489 2227 540 2267 eur
560 2212 600 2267 sie
621 2227 663 2268 ine
692 2211 770 2268 odit?
790 2225 839 2266 cnr
867 2209 959 2266 cetera
991 2209 1034 2266 de·

232 2307 377 2378 reliquit?
414 2307 466 2364 Tui
500 2309 565 2365 Filii
603 2325 696 2366 amore
730 2307 866 2380 absorpta
902 2307 1034 2379 graditur

232 2405 291 2461 sine
313 2421 413 2474 sensu,
446 2407 501 2462 iam
532 2406 604 2464 nihil
635 2406 711 2464 aliud
744 2406 829 2473 videt,
852 2405 922 2462 nihil
954 2405 1033 2462 aliud

232 2503 321 2570 audit,
343 2503 413 2560 nihii
440 2505 518 2560 aliud
545 2505 654 2576 gustat,
684 2505 755 2561 nihii
782 2505 859 2561 atiud
888 2502 1032 2562 odoratur.

232 2602 346 2672 Semper
377 2603 439 2658 vult
466 2602 619 2681 intersua
645 2603 759 2660 brachia
787 2603 968 2671 commorari3
993 2602 1033 2659 ibi

232 2698 411 2767 iucundatur,
433 2700 469 2755 ibi
491 2699 625 2768 laetatur,
647 2700 685 2756 ibi
706 2700 813 2757 deliciis
838 2700 973 2767 abundat,
996 2699 1033 2755 ibi

232 2797 318 2855 nimio
349 2797 461 2856 dulcore
492 2798 632 2855 inebriata
663 2799 757 2856 cubat.
778 2798 837 2855 Nec·
868 2799 980 2872 mirum,
1011 2799 1035 2854 si

233 2897 328 2953 anima
349 2913 410 2953 nea
431 2896 544 2952 tanturn
559 2897 609 2954 tuo
630 2897 701 2955 Filio
721 2897 866 2966 adhaesit3
882 2897 957 2970 quia,
979 2898 1034 2953 nisi
