2284 3484
229 235 286 293 178
367 253 508 294 crurrouu
530 252 667 294 rouenars
687 254 740 295 ruo
761 252 888 294 urnncuo.

228 444 351 515 erogatis
372 443 497 501 aedificia
518 442 730 511 construantur,
752 460 813 500 cunr
835 459 973 514 personae
988 443 1031 501 of-

228 542 350 600 ferentes
371 559 425 599 nou
448 543 506 599 sint
526 543 628 614 certae,
649 558 700 599 neo
720 542 870 598 intendant
883 544 913 599 in
932 542 1032 599 aedifi-

229 640 279 698 ciis
300 641 503 720 proprietatem¹
523 640 626 713 habere
639 642 690 697 aut
703 642 846 712 acquirere
860 640 919 696 uilo
937 640 1029 707 modo,

229 738 329 795 horum
352 739 552 809 proprietatem
574 738 634 795 dico
654 737 690 794 ad
711 738 764 795 soii
784 737 925 795 domiuum
945 738 1030 809 perti-

229 853 304 903 nere,
326 836 359 892 ut
379 837 422 893 lex
438 835 482 909 (1)
504 836 581 893 dicit.
603 836 706 893 Ethoc
720 835 851 907 estquod
865 835 933 891 dicit
953 852 1030 907 papa

230 934 382 1007 Gregorius
394 936 454 1008 (2):
474 957 488 985 «
499 935 583 992 Salvo
602 936 725 992 locorum
739 935 769 991 et
781 935 924 992 domorum
941 934 1032 992 dorni-

230 1034 276 1091 nio
295 1033 417 1101 illorum,
439 1033 474 1090 ad
496 1050 565 1105 quos
590 1032 716 1091 noscitur
744 1033 883 1103 pertinere
897 1056 926 1089 ».
952 1033 1032 1091 Haec

230 1132 316 1189 verba
337 1134 404 1188 suut
425 1149 514 1203 papae
540 1149 596 1190 non
623 1133 749 1203 regulam
778 1133 941 1200 relaxantis,
970 1132 1030 1200 sed,

229 1230 263 1287 ut
283 1231 343 1301 ipse
369 1230 436 1287 dicit
452 1231 506 1304 (3),
533 1230 745 1287 «intentionem
774 1230 849 1287 beati
875 1231 1031 1297 Francisci,

230 1345 313 1400 quam
329 1330 446 1385 nouerat
460 1352 488 1396 ›>,
510 1329 690 1396 declarantis
705 1331 834 1401 quamuis
851 1330 911 1384 siue
932 1329 1032 1399 papali

230 1426 418 1483 declaratione
439 1428 585 1498 errigore
605 1428 675 1483 iuris
695 1426 786 1483 ciuilis
814 1426 911 1498 pateat
938 1426 1032 1500 ipsius

231 1525 344 1595 regulae
373 1525 547 1595 possibilitas
568 1526 597 1582 et
618 1526 796 1583 observantia
823 1542 856 1582 ex
877 1526 1033 1596 praedictis

230 1638 352 1679 consona
373 1624 447 1679 vitae
469 1622 607 1693 fratrnm3
629 1624 657 1680 et
678 1626 794 1695 impium
808 1623 853 1680 ost
872 1622 963 1680 dicere
974 1623 1031 1697 (4),
1130 1669 1132 1696 ‚

162 1749 164 1755 v
230 1737 290 1777 eam
313 1736 368 1777 uon
391 1737 471 1792 posse
492 1740 509 1779 a
530 1722 669 1779 tratribus
689 1722 841 1788 observari,
861 1738 921 1779 curn
944 1722 1031 1778 etiam
1130 1721 1131 1764 ἒ

231 1819 306 1876 dicat
335 1819 379 1877 lex
396 1820 450 1894 (5),
482 1822 554 1893 qnod
590 1820 770 1892 «benignius
801 1820 1033 1891 interpretandae

232 1917 300 1975 sunt
318 1917 403 1990 teges,
420 1935 473 1990 quo
494 1936 590 1975 earum
614 1920 745 1977 voluutas
759 1924 981 1984 conservetur»,
1004 1918 1034 1975 et

232 2016 333 2073 iterum
350 2018 410 2089 (6):
437 2040 451 2067 ‹<
466 2018 501 2073 In
522 2018 655 2090 anrbigua
669 2034 733 2075 uoce
747 2018 819 2089 legis
833 2035 865 2074 ea
880 2016 975 2087 potius
988 2034 1033 2074 ac-

231 2114 358 2187 cipienda
374 2116 550 2186 significatio,
563 2132 633 2187 quae
645 2116 713 2174 vitio
726 2116 841 2172 caret».
852 2114 957 2187 igitur,
968 2132 1031 2172 curn

232 2229 300 2269 usus
322 2216 453 2283 pecuniae
475 2214 654 2284 supradictus
668 2214 728 2271 fieri
745 2213 835 2285 possit
853 2213 959 2285 absque
974 2213 1034 2270 fra-

232 2354 390 2364 ...φῇ-ὰ...-

297 2436 319 2489 1)
338 2436 364 2481 L.
383 2436 435 2481 XLI
452 2436 543 2492 Digest.
562 2435 604 2481 tit.
620 2436 630 2481 1
643 2437 681 2481 lex
692 2437 759 2481 Adeo
771 2436 867 2494 quidem
879 2436 914 2493 (7)
927 2436 940 2493 §
953 2434 1033 2480 Proe-

235 2521 309 2562 terea.

294 2598 318 2654 2)
336 2596 433 2653 drogon.
452 2597 485 2642 IX
503 2596 526 2643 in
544 2598 706 2655 praeallegata
724 2596 825 2643 Constit.
846 2597 896 2652 Quo
912 2598 1034 2655 clericati.

296 2676 319 2732 3)
338 2677 396 2721 Βοοο
412 2676 436 2722 in
454 2679 511 2723 nota
527 2678 676 2735 praecedenti
692 2680 805 2735 allegato.

295 2755 319 2807 4)
338 2756 385 2802 Cfr.
404 2758 503 2814 Bonan,
522 2759 615 2816 Expos.
637 2773 694 2816 sup.
717 2758 798 2817 repul.
815 2759 844 2803 F.
863 2757 907 2813 M„
931 2757 955 2803 iu
979 2772 1034 2804 oon-

234 2836 293 2880 firm.
312 2849 362 2891 reg.

296 2916 320 2973 5)
338 2916 365 2961 L.
383 2916 393 2961 I
410 2915 501 2973 Digest.
513 2918 554 2964 tit.
573 2920 656 2975 alege
675 2920 711 2964 17.
792 2920 817 2978 6)
834 2916 906 2976 ibid,
924 2919 976 2975 lege
995 2918 1033 2964 18.
