2284 3484
234 218 292 278 170
372 236 514 279 csnmcuu
536 236 673 279 rnnrnnns
692 236 746 277 eno
765 236 893 278 nnnero.

233 444 298 485 nam
321 426 458 497 facientis,
479 428 528 501 qui
555 426 651 499 potest
670 444 730 485 eam
751 427 887 498 repetere,
908 425 1032 497 quando

234 542 351 598 eumque
372 526 443 594 vult,
466 526 551 585 donee
579 525 618 583 sit
645 542 697 599 pro
717 525 839 583 fratrum
859 523 1035 581 necessitati·

233 625 287 682 bus
314 625 496 683 commutata.
524 624 622 683 Manet
651 640 719 697 ergo
749 640 860 695 semper
890 624 920 679 in
951 622 1034 679 bonis

233 722 320 791 illius,
335 724 383 796 qui
404 723 551 795 pecuniam
565 722 729 781 destinavit.
744 721 820 779 Dicit
832 722 906 780 enim
926 721 972 777 lex
987 718 1033 794 (1)

234 820 307 892 quod
333 837 420 879 «rem
440 822 470 878 iu
491 821 571 879 bonis
593 820 699 879 nostris
719 820 906 892 intelligimur
919 818 1034 885 habere,
1131 851 1132 868 η

235 918 344 991 quoties
369 920 544 991 possidentes
574 919 762 991 exceptionem
790 917 841 975 aut
867 915 1036 975 amittentes
1131 987 1132 990 Ἴ

235 1016 270 1073 ad
291 1018 512 1089 recuperandam
533 1034 593 1075 eam
615 1017 753 1075 actionem
766 1015 920 1074 habeamus
934 1039 965 1071 ».
978 1015 1035 1089 Igi-

236 1116 284 1172 tur
304 1132 450 1189 nunquam
470 1116 515 1174 est
546 1117 664 1186 pecunia
694 1116 744 1173 illa
771 1114 852 1173 extra
872 1114 916 1171 ius
937 1113 967 1172 et
989 1130 1036 1186 po·

235 1212 369 1271 testatem
399 1214 580 1284 destinantis,
612 1216 678 1286 quia
708 1230 819 1285 semper
850 1212 947 1283 potest
973 1228 1035 1269 eam

236 1312 363 1383 repetere
384 1312 457 1370 sieut
478 1329 567 1369 suam.
584 1312 653 1370 Oum
667 1313 756 1383 igitur
775 1311 841 1369 dare
861 1312 891 1368 et
910 1312 1037 1383 recipere

236 1408 427 1481 opponantur,
449 1410 522 1468 sieut
552 1410 651 1467 nuilus
671 1409 721 1466 dat
741 1408 887 1480 complete,
909 1409 964 1465 nisi
986 1408 1036 1480 qui

236 1507 359 1565 intendit
379 1524 408 1566 se
429 1509 542 1580 privare
564 1509 604 1565 rei
625 1508 708 1565 datae
728 1507 860 1574 dominio,
875 1508 915 1563 sio
935 1507 1036 1564 nullus
1131 1497 1132 1566 J

237 1622 298 1661 earn
319 1605 419 1678 recipit
439 1622 489 1678 per
511 1623 539 1664 se
559 1606 604 1665 uel
619 1622 669 1678 per¹
689 1606 785 1673 alium,
800 1605 856 1662 uisi
875 1605 924 1677 qui
945 1604 1038 1662 inten·
1131 1617 1133 1622 ·

237 1702 280 1785 dit
300 1703 352 1761 sibi
373 1704 526 1763 dominium
558 1720 608 1776 per
640 1720 670 1761 se
701 1704 746 1761 rel
772 1720 822 1774 per
842 1703 930 1759 alium
951 1703 981 1759 in
1004 1717 1036 1759 ea

237 1804 361 1875 accipere
383 1805 529 1878 proprium
550 1805 596 1862 vei
615 1820 769 1861 commune.
783 1801 864 1860 Unde
877 1817 995 1859 versus:

299 1934 352 1981 Non
368 1933 415 1980 tibi
431 1936 473 1981 det
488 1935 610 1993 quisquam
627 1934 674 1981 nisi
690 1949 735 1993 qno
750 1936 803 1981 uult
818 1932 974 1993 expropriari.

299 2015 348 2061 Neo
363 2016 391 2061 tu
407 2015 463 2073 quid
479 2015 574 2075 recipis,
592 2014 613 2062 si
629 2013 691 2063 nolis
707 2016 729 2063 ei
745 2014 868 2063 dominari.

300 2095 405 2152 Namque
421 2098 514 2155 recepta
529 2097 587 2143 data
602 2095 650 2142 sibi
665 2097 722 2142 sunt
738 2096 837 2142 adversa
852 2095 938 2141 relata.

300 2174 364 2221 Dans
380 2190 422 2222 rua
439 2176 557 2235 privatur,
575 2176 660 2235 recipio
675 2175 716 2234 qui
731 2177 786 2235 post
801 2175 935 2222 dominatur
948 2176 995 2235 (2).

317 2291 369 2348 Sed
401 2308 547 2364 ponamus,
579 2294 652 2366 quod
682 2310 782 2351 servus
812 2292 899 2351 notus
924 2293 1039 2352 domino

238 2388 335 2447 tradat
356 2392 501 2462 pecuniam
523 2392 667 2463 erogatam
688 2390 827 2449 fratribus
840 2390 926 2449 alteri
939 2392 1040 2465 ignoto
1131 2431 1132 2444 r

238 2486 326 2545 eidem
347 2487 470 2547 fratrum
490 2490 606 2548 oonsilio
626 2490 655 2546 et
674 2505 809 2559 assensu;
824 2506 858 2547 ex
871 2490 940 2547 tune
961 2489 1041 2547 vide·

238 2584 287 2641 tur
308 2588 425 2657 pecunia
445 2605 463 2645 a
482 2586 621 2645 fratribus
642 2586 755 2660 recepta
775 2604 825 2660 per
838 2587 1041 2661 interpositam
1131 2661 1133 2669 k

304 2814 326 2874 1)
344 2816 370 2862 L.
389 2816 442 2863 XLI
458 2816 549 2875 Dignst.
567 2816 609 2865 tit.
629 2818 640 2864 1
657 2819 696 2865 lex
712 2818 752 2864 52.

301 2895 326 2952 2)
344 2895 393 2943 Cfr'.
410 2897 510 2956 Bonan,
527 2898 546 2945 l.
563 2912 585 2945 e.
602 2913 627 2946 n.
647 2899 684 2947 lt.
