2284 3484
261 260 298 317 52
524 277 663 317 susumus
685 275 796 317 anonis.

261 380 525 390 ———--

260 466 387 541 quodque
417 467 556 526 laudabis.
589 467 657 524 Cum
689 467 783 524 autem
815 466 919 524 videris
949 467 1062 540 aliquos

207 613 211 622 .
260 566 393 624 scientiae
412 565 578 624 insistentes
598 565 628 622 et
647 581 704 624 non
722 565 813 623 solum
826 563 999 633 createrem,
1014 564 1062 622 sed

260 664 345 722 etiam
376 665 570 723 creaturarum
606 663 794 722 occultissima
826 664 1003 735 inquirentes
1033 663 1061 720 et

259 761 404 835 quodlibet
414 762 611 820 verbusculum
622 762 809 820 curiosissime
823 759 999 833 ordinantes,
1008 760 1060 818 hoc
1132 812 1133 831 ,

259 877 320 918 osse
341 859 377 917 ad
398 859 633 918 manifestandam
648 858 777 916 ‘divinam
805 859 974 930 sapientiam
1002 875 1059 916 non
1132 898 1133 903 η

259 961 380 1033 ignores,
403 959 433 1016 et
453 961 481 1016 in
510 960 550 1017 eis
570 958 694 1016 divinam
723 957 890 1030 sapientiam
918 973 1059 1015 commen·

259 1056 347 1114 dabis.
378 1057 445 1116 Cum
475 1057 569 1116 autem
592 1055 695 1113 videris
722 1056 831 1129 aliquos
854 1055 1059 1127 temporalibus
1133 1110 1134 1113 ,

260 1155 381 1227 negotiis
411 1154 585 1222 insistentes
613 1155 643 1210 in
673 1155 744 1225 ipsis
773 1152 902 1212 laudabis
932 1153 1059 1211 mvinam

260 1251 439 1324 prudentiam
461 1269 510 1324 per
532 1253 606 1310 tales
626 1252 834 1324 quiescentibus
854 1251 1060 1324 providentem.

260 1351 288 1407 si
309 1350 412 1408 rideris
432 1351 541 1424 aliquos
562 1351 693 1409 insistere
720 1351 850 1423 operibus
875 1350 1001 1422 pietatis,
1029 1352 1058 1408 in

259 1449 329 1520 ipsis
354 1448 484 1506 laudabis
501 1448 635 1518 ,divinam
666 1449 820 1507 bonitatem
851 1466 881 1506 se
901 1448 937 1507 ad
964 1451 1060 1508 omnia

257 1545 475 1615 diffundentem
491 1549 515 1604 si
529 1547 632 1605 videris
646 1548 756 1619 aliquos
769 1548 876 1605 ceteros
893 1547 1059 1614 iudicantes,

257 1644 384 1700 divinum
405 1645 536 1702 iudicium
552 1645 635 1715 time;
657 1647 681 1702 si
704 1662 821 1718 poenam
840 1645 1003 1713 inferentes,
1017 1646 1060 1702 di-

257 1743 351 1800 vinam
375 1745 498 1816 recogita
519 1743 674 1813 iustitiam3
696 1745 721 1801 si
745 1744 859 1816 rigidos,
880 1743 992 1801 divinae
1020 1746 1060 1801 iu·
1134 1820 1135 1823 Ἴ

257 1841 352 1899 stitiae
373 1859 524 1914 expavesce
547 1844 683 1915 rigorem3
706 1844 728 1901 si
750 1842 974 1915 reprehensores,
995 1860 1061 1900 cau·
1134 1866 1135 1875 ¹

257 1955 353 1996 sarum
384 1940 566 2008 discussores,
598 1941 687 1998 futuri
717 1940 811 1998 iudicii
843 1939 1003 2009 recordare;
1032 1943 1057 1997 si
1134 1960 1135 2007 ἢ

259 2037 363 2094 videris
389 2039 532 2110 praelatos
557 2040 630 2096 circa
658 2038 832 2111 punitionem
860 2041 1000 2106 remissos,
1028 2041 1058 2096 in

258 2137 298 2192 eis
319 2135 441 2193 divinam
465 2137 682 2196 misericordiam
701 2136 916 2196 commendabis.
936 2137 965 2194 Si
985 2138 1060 2195 calo·

258 2249 315 2290 rem
337 2233 478 2302 habueris,
507 2236 631 2307 recogita
652 2235 703 2292 Dei
724 2235 821 2292 Patris
848 2251 916 2307 erga
935 2250 988 2292 nos
1015 2236 1061 2292 ni·

259 2332 343 2387 miam
364 2331 521 2399 caritatem,
543 2334 591 2404 qui
612 2332 702 2390 voluit
730 2349 812 2390 suum
834 2332 937 2389 Filium
965 2334 1060 2389 incar-

257 2428 321 2485 nari
346 2428 375 2485 et
403 2445 454 2499 pro
482 2429 562 2486 nobis
590 2430 720 2487 omnibus
746 2429 888 2500 cruciligi3
915 2431 938 2486 si
967 2429 1061 2502 frigus

257 2525 400 2594 habueris,
415 2527 451 2583 ab
473 2529 547 2585 omni
568 2532 650 2586 aestu
672 2529 799 2586 miseriae
820 2527 856 2584 ad
882 2527 1062 2600 refrigerium

257 2623 420 2693 anhelabis3
449 2626 477 2682 et
498 2628 537 2683 sic
566 2628 659 2684 omnia
687 2627 766 2699 potes
788 2627 917 2685 reducere
936 2626 971 2682 ad
1000 2626 1061 2683 lau-

257 2722 319 2779 dem
341 2722 369 2778 et
389 2724 628 2796 magnificentiam
644 2725 795 2784 creatoris.
810 2725 875 2783 Non
888 2726 962 2781 enirn
976 2724 1061 2782 debet

256 2836 316 2877 esse
337 2820 475 2888 creatura,
498 2823 527 2879 in
548 2840 604 2896 qua
619 2841 700 2881 suum
722 2841 778 2882 non
792 2823 959 2882 honorifices
978 2822 1061 2881 Orea-

256 2917 356 2975 torem.
378 2917 439 2975 Hoc
461 2920 533 2976 enim
554 2922 616 2992 ipso
639 2922 729 2979 omnis
756 2920 888 2980 creatura
908 2920 995 2992 digna
1015 2921 1061 2980 est
