<?xml version="1.0" encoding="UTF-8"?>
<!DOCTYPE html PUBLIC "-//W3C//DTD XHTML 1.0 Transitional//EN"
    "http://www.w3.org/TR/xhtml1/DTD/xhtml1-transitional.dtd">
<html xmlns="http://www.w3.org/1999/xhtml" xml:lang="en" lang="en">
 <head>
  <title>
</title>
<meta http-equiv="Content-Type" content="text/html;charset=utf-8" />
  <meta name='ocr-system' content='tesseract 3.04.00' />
  <meta name='ocr-capabilities' content='ocr_page ocr_carea ocr_par ocr_line ocrx_word'/>
</head>
<body>
  <div class='ocr_page' id='page_1' title='image "bibliothecafran00romgoog_0163.png"; bbox 0 0 2284 3484; ppageno 0'>
   <div class='ocr_carea' id='block_1_1' title="bbox 223 226 885 289">
    <p class='ocr_par' dir='ltr' id='par_1_1' title="bbox 223 226 885 289">
     <span class='ocr_line' id='line_1_1' title="bbox 223 226 885 289; baseline 0.003 -4"><span class='ocrx_word' id='word_1_1' title='bbox 223 226 280 285; x_wconf 86' lang='lat'><strong>138</strong></span> <span class='ocrx_word' id='word_1_2' title='bbox 362 244 505 287; x_wconf 82' lang='lat' dir='ltr'><strong>oruurcun</strong></span> <span class='ocrx_word' id='word_1_3' title='bbox 525 244 663 288; x_wconf 76' lang='lat' dir='ltr'><strong>reuersis</strong></span> <span class='ocrx_word' id='word_1_4' title='bbox 683 246 736 289; x_wconf 82' lang='lat' dir='ltr'><strong>ruo</strong></span> <span class='ocrx_word' id='word_1_5' title='bbox 756 246 885 289; x_wconf 84' lang='lat' dir='ltr'><strong>umucre.</strong></span> 
     </span>
    </p>
   </div>
   <div class='ocr_carea' id='block_1_2' title="bbox 220 434 1023 509">
    <p class='ocr_par' dir='ltr' id='par_1_2' title="bbox 220 434 1023 509">
     <span class='ocr_line' id='line_1_2' title="bbox 220 434 1023 509; baseline 0.002 -16"><span class='ocrx_word' id='word_1_6' title='bbox 220 434 301 493; x_wconf 79' lang='lat' dir='ltr'><strong>extre</strong></span> <span class='ocrx_word' id='word_1_7' title='bbox 320 452 423 508; x_wconf 88' lang='lat' dir='ltr'><strong>corpus</strong></span> <span class='ocrx_word' id='word_1_8' title='bbox 444 437 604 509; x_wconf 82' lang='lat' dir='ltr'><strong>quaerenda</strong></span> <span class='ocrx_word' id='word_1_9' title='bbox 628 438 667 495; x_wconf 82' lang='lat' dir='ltr'><strong>sit</strong></span> <span class='ocrx_word' id='word_1_10' title='bbox 693 436 822 506; x_wconf 75' lang='lat' dir='ltr'><strong>felicitas,</strong></span> <span class='ocrx_word' id='word_1_11' title='bbox 843 453 901 496; x_wconf 92' lang='lat' dir='ltr'><strong>non</strong></span> <span class='ocrx_word' id='word_1_12' title='bbox 924 438 1023 496; x_wconf 83' lang='lat' dir='ltr'><strong>audiui</strong></span> 
     </span>
    </p>
   </div>
   <div class='ocr_carea' id='block_1_3' title="bbox 220 533 1125 609">
    <p class='ocr_par' dir='ltr' id='par_1_3' title="bbox 220 533 1125 609">
     <span class='ocr_line' id='line_1_3' title="bbox 220 533 1125 609; baseline 0.002 -18"><span class='ocrx_word' id='word_1_13' title='bbox 220 533 402 593; x_wconf 75' lang='lat' dir='ltr'><strong>Aristotelem</strong></span> <span class='ocrx_word' id='word_1_14' title='bbox 413 551 548 593; x_wconf 78' lang='lat' dir='ltr'><strong>asserere.</strong></span> <span class='ocrx_word' id='word_1_15' title='bbox 559 534 764 609; x_wconf 79' lang='lat' dir='ltr'><strong>Pythagoricos</strong></span> <span class='ocrx_word' id='word_1_16' title='bbox 773 536 889 608; x_wconf 91' lang='lat' dir='ltr'><strong>insuper</strong></span> <span class='ocrx_word' id='word_1_17' title='bbox 899 536 929 595; x_wconf 83' lang='lat' dir='ltr'><strong>et</strong></span> <span class='ocrx_word' id='word_1_18' title='bbox 939 538 1022 609; x_wconf 85' lang='lat' dir='ltr'><strong>quasi</strong></span> <span class='ocrx_word' id='word_1_19' title='bbox 1119 552 1125 562; x_wconf 92' lang='lat'><strong>·</strong></span> 
     </span>
    </p>
   </div>
   <div class='ocr_carea' id='block_1_4' title="bbox 215 632 1061 2575">
    <p class='ocr_par' dir='ltr' id='par_1_4' title="bbox 220 632 1021 804">
     <span class='ocr_line' id='line_1_4' title="bbox 220 632 1021 706; baseline 0.001 -16"><span class='ocrx_word' id='word_1_20' title='bbox 220 632 1021 706; x_wconf 77' lang='lat' dir='ltr'><strong>omuesaliosphilosophosvidiplancaslruere,snimem</strong></span> 
     </span>
     <span class='ocr_line' id='line_1_5' title="bbox 220 728 1020 804; baseline 0.001 -17"><span class='ocrx_word' id='word_1_21' title='bbox 220 728 331 787; x_wconf 75' lang='lat' dir='ltr'><strong>beatam</strong></span> <span class='ocrx_word' id='word_1_22' title='bbox 352 746 413 788; x_wconf 88' lang='lat' dir='ltr'><strong>esse</strong></span> <span class='ocrx_word' id='word_1_23' title='bbox 433 747 488 790; x_wconf 88' lang='lat' dir='ltr'><strong>non</strong></span> <span class='ocrx_word' id='word_1_24' title='bbox 511 747 593 804; x_wconf 90' lang='lat' dir='ltr'><strong>posse</strong></span> <span class='ocrx_word' id='word_1_25' title='bbox 611 732 667 789; x_wconf 93' lang='lat' dir='ltr'><strong>nisi</strong></span> <span class='ocrx_word' id='word_1_26' title='bbox 680 750 698 789; x_wconf 85' lang='lat' dir='ltr'><strong>e</strong></span> <span class='ocrx_word' id='word_1_27' title='bbox 710 747 825 804; x_wconf 88' lang='lat' dir='ltr'><strong>corpore</strong></span> <span class='ocrx_word' id='word_1_28' title='bbox 845 731 1020 804; x_wconf 73' lang='lat' dir='ltr'><strong>separatam.</strong></span> 
     </span>
    </p>

    <p class='ocr_par' dir='ltr' id='par_1_5' title="bbox 215 828 1061 2575">
     <span class='ocr_line' id='line_1_6' title="bbox 299 828 1020 903; baseline 0.001 -17"><span class='ocrx_word' id='word_1_29' title='bbox 299 828 351 886; x_wconf 85' lang='lat' dir='ltr'><strong>Sed</strong></span> <span class='ocrx_word' id='word_1_30' title='bbox 386 829 452 901; x_wconf 88' lang='lat' dir='ltr'><strong>quis</strong></span> <span class='ocrx_word' id='word_1_31' title='bbox 482 830 510 887; x_wconf 93' lang='lat' dir='ltr'><strong>in</strong></span> <span class='ocrx_word' id='word_1_32' title='bbox 544 829 668 903; x_wconf 82' lang='lat' dir='ltr'><strong>physicis</strong></span> <span class='ocrx_word' id='word_1_33' title='bbox 699 829 863 897; x_wconf 80' lang='lat' dir='ltr'><strong>didiceram,</strong></span> <span class='ocrx_word' id='word_1_34' title='bbox 880 830 1020 888; x_wconf 76' lang='lat' dir='ltr'><strong>‘animam</strong></span> 
     </span>
     <span class='ocr_line' id='line_1_7' title="bbox 218 926 1020 1000; baseline 0.004 -18"><span class='ocrx_word' id='word_1_35' title='bbox 218 926 294 983; x_wconf 92' lang='lat' dir='ltr'><strong>uniri</strong></span> <span class='ocrx_word' id='word_1_36' title='bbox 314 927 424 997; x_wconf 84' lang='lat' dir='ltr'><strong>corpori</strong></span> <span class='ocrx_word' id='word_1_37' title='bbox 445 926 611 986; x_wconf 74' lang='lat' dir='ltr'><strong>ollonnam</strong></span> <span class='ocrx_word' id='word_1_38' title='bbox 632 928 775 996; x_wconf 74' lang='lat' dir='ltr'><strong>materiae,</strong></span> <span class='ocrx_word' id='word_1_39' title='bbox 790 926 1020 1000; x_wconf 82' lang='lat' dir='ltr'><strong>impossibileque</strong></span> 
     </span>
     <span class='ocr_line' id='line_1_8' title="bbox 219 1024 1019 1098; baseline 0.003 -17"><span class='ocrx_word' id='word_1_40' title='bbox 219 1024 430 1096; x_wconf 67' lang='lat' dir='ltr'><strong>sessionnem</strong></span> <span class='ocrx_word' id='word_1_41' title='bbox 453 1026 513 1083; x_wconf 91' lang='lat' dir='ltr'><strong>sine</strong></span> <span class='ocrx_word' id='word_1_42' title='bbox 533 1026 712 1085; x_wconf 74' lang='lat' dir='ltr'><strong>connaturali</strong></span> <span class='ocrx_word' id='word_1_43' title='bbox 734 1025 787 1083; x_wconf 91' lang='lat' dir='ltr'><strong>sibi</strong></span> <span class='ocrx_word' id='word_1_44' title='bbox 814 1026 935 1083; x_wconf 75' lang='lat' dir='ltr'><strong>materia</strong></span> <span class='ocrx_word' id='word_1_45' title='bbox 959 1042 1019 1098; x_wconf 92' lang='lat' dir='ltr'><strong>per-</strong></span> 
     </span>
     <span class='ocr_line' id='line_1_9' title="bbox 219 1112 1019 1192; baseline 0.001 -13"><span class='ocrx_word' id='word_1_46' title='bbox 219 1120 366 1180; x_wconf 68' lang='lat' dir='ltr'><strong>lectionem</strong></span> <span class='ocrx_word' id='word_1_47' title='bbox 386 1112 517 1180; x_wconf 72' lang='lat' dir='ltr'><strong>ultimam</strong></span> <span class='ocrx_word' id='word_1_48' title='bbox 531 1123 761 1192; x_wconf 82' lang='lat' dir='ltr'><strong>oblinere,·henc</strong></span> <span class='ocrx_word' id='word_1_49' title='bbox 780 1122 942 1181; x_wconf 72' lang='lat' dir='ltr'><strong>fatuitatem</strong></span> <span class='ocrx_word' id='word_1_50' title='bbox 956 1122 1019 1182; x_wconf 87' lang='lat' dir='ltr'><strong>hor·</strong></span> 
     </span>
     <span class='ocr_line' id='line_1_10' title="bbox 220 1220 1018 1293; baseline 0.003 -17"><span class='ocrx_word' id='word_1_51' title='bbox 220 1235 286 1277; x_wconf 91' lang='lat' dir='ltr'><strong>rens</strong></span> <span class='ocrx_word' id='word_1_52' title='bbox 306 1220 433 1293; x_wconf 71' lang='lat' dir='ltr'><strong>telasque</strong></span> <span class='ocrx_word' id='word_1_53' title='bbox 447 1236 616 1279; x_wconf 83' lang='lat' dir='ltr'><strong>arenearum</strong></span> <span class='ocrx_word' id='word_1_54' title='bbox 632 1221 732 1280; x_wconf 81' lang='lat' dir='ltr'><strong>iulium</strong></span> <span class='ocrx_word' id='word_1_55' title='bbox 747 1220 943 1293; x_wconf 79' lang='lat' dir='ltr'><strong>inquisitiones</strong></span> <span class='ocrx_word' id='word_1_56' title='bbox 958 1237 1018 1278; x_wconf 89' lang='lat' dir='ltr'><strong>esse</strong></span> 
     </span>
     <span class='ocr_line' id='line_1_11' title="bbox 218 1317 1018 1393; baseline 0.004 -19"><span class='ocrx_word' id='word_1_57' title='bbox 218 1333 396 1391; x_wconf 83' lang='lat' dir='ltr'><strong>cognoscens,</strong></span> <span class='ocrx_word' id='word_1_58' title='bbox 405 1317 441 1375; x_wconf 86' lang='lat' dir='ltr'><strong>ad</strong></span> <span class='ocrx_word' id='word_1_59' title='bbox 451 1318 528 1391; x_wconf 87' lang='lat' dir='ltr'><strong>leges</strong></span> <span class='ocrx_word' id='word_1_60' title='bbox 540 1320 642 1377; x_wconf 83' lang='lat' dir='ltr'><strong>lrsnsii</strong></span> <span class='ocrx_word' id='word_1_61' title='bbox 653 1320 820 1393; x_wconf 78' lang='lat' dir='ltr'><strong>imperiales,</strong></span> <span class='ocrx_word' id='word_1_62' title='bbox 829 1334 900 1391; x_wconf 82' lang='lat' dir='ltr'><strong>quae</strong></span> <span class='ocrx_word' id='word_1_63' title='bbox 909 1318 1018 1377; x_wconf 78' lang='lat' dir='ltr'><strong>ethicae</strong></span> 
     </span>
     <span class='ocr_line' id='line_1_12' title="bbox 218 1414 1017 1492; baseline 0.001 -19"><span class='ocrx_word' id='word_1_64' title='bbox 218 1414 403 1484; x_wconf 75' lang='lat' dir='ltr'><strong>famulentur,</strong></span> <span class='ocrx_word' id='word_1_65' title='bbox 428 1416 577 1490; x_wconf 79' lang='lat' dir='ltr'><strong>invenique</strong></span> <span class='ocrx_word' id='word_1_66' title='bbox 597 1416 636 1475; x_wconf 92' lang='lat' dir='ltr'><strong>ibi</strong></span> <span class='ocrx_word' id='word_1_67' title='bbox 656 1416 805 1477; x_wconf 82' lang='lat' dir='ltr'><strong>verborum</strong></span> <span class='ocrx_word' id='word_1_68' title='bbox 826 1416 960 1489; x_wconf 76' lang='lat' dir='ltr'><strong>phalerus</strong></span> <span class='ocrx_word' id='word_1_69' title='bbox 972 1415 1017 1492; x_wconf 87' lang='lat'><strong>(1)</strong></span> 
     </span>
     <span class='ocr_line' id='line_1_13' title="bbox 218 1512 1018 1588; baseline 0.004 -19"><span class='ocrx_word' id='word_1_70' title='bbox 218 1512 428 1587; x_wconf 74' lang='lat' dir='ltr'><strong>sententiasque</strong></span> <span class='ocrx_word' id='word_1_71' title='bbox 449 1514 596 1573; x_wconf 73' lang='lat' dir='ltr'><strong>voluntale</strong></span> <span class='ocrx_word' id='word_1_72' title='bbox 611 1516 771 1588; x_wconf 88' lang='lat' dir='ltr'><strong>principum</strong></span> <span class='ocrx_word' id='word_1_73' title='bbox 791 1514 890 1573; x_wconf 83' lang='lat' dir='ltr'><strong>firmas</strong></span> <span class='ocrx_word' id='word_1_74' title='bbox 901 1514 940 1572; x_wconf 83' lang='lat' dir='ltr'><strong>sb</strong></span> <span class='ocrx_word' id='word_1_75' title='bbox 953 1515 1018 1573; x_wconf 86' lang='lat' dir='ltr'><strong>aliis</strong></span> 
     </span>
     <span class='ocr_line' id='line_1_14' title="bbox 220 1611 1019 1687; baseline 0.004 -19"><span class='ocrx_word' id='word_1_76' title='bbox 220 1611 394 1683; x_wconf 87' lang='lat' dir='ltr'><strong>principibus</strong></span> <span class='ocrx_word' id='word_1_77' title='bbox 414 1612 443 1669; x_wconf 92' lang='lat' dir='ltr'><strong>in</strong></span> <span class='ocrx_word' id='word_1_78' title='bbox 458 1612 588 1685; x_wconf 90' lang='lat' dir='ltr'><strong>pluribus</strong></span> <span class='ocrx_word' id='word_1_79' title='bbox 602 1611 766 1687; x_wconf 73' lang='lat' dir='ltr'><strong>abrogatus,</strong></span> <span class='ocrx_word' id='word_1_80' title='bbox 780 1613 947 1672; x_wconf 74' lang='lat' dir='ltr'><strong>transitorie</strong></span> <span class='ocrx_word' id='word_1_81' title='bbox 961 1614 1019 1671; x_wconf 79' lang='lat' dir='ltr'><strong>irs-</strong></span> 
     </span>
     <span class='ocr_line' id='line_1_15' title="bbox 217 1708 1019 1783; baseline 0.002 -16"><span class='ocrx_word' id='word_1_82' title='bbox 217 1708 328 1767; x_wconf 79' lang='lat' dir='ltr'><strong>cianles</strong></span> <span class='ocrx_word' id='word_1_83' title='bbox 349 1708 378 1767; x_wconf 80' lang='lat' dir='ltr'><strong>et</strong></span> <span class='ocrx_word' id='word_1_84' title='bbox 398 1709 434 1767; x_wconf 87' lang='lat' dir='ltr'><strong>ed</strong></span> <span class='ocrx_word' id='word_1_85' title='bbox 454 1726 577 1768; x_wconf 84' lang='lat' dir='ltr'><strong>amorem</strong></span> <span class='ocrx_word' id='word_1_86' title='bbox 598 1710 796 1783; x_wconf 76' lang='lat' dir='ltr'><strong>temperalium</strong></span> <span class='ocrx_word' id='word_1_87' title='bbox 818 1710 919 1770; x_wconf 90' lang='lat' dir='ltr'><strong>idcirco</strong></span> <span class='ocrx_word' id='word_1_88' title='bbox 933 1711 1019 1770; x_wconf 74' lang='lat' dir='ltr'><strong>corda</strong></span> 
     </span>
     <span class='ocr_line' id='line_1_16' title="bbox 217 1807 1018 1881; baseline 0.002 -17"><span class='ocrx_word' id='word_1_89' title='bbox 217 1807 362 1866; x_wconf 89' lang='lat' dir='ltr'><strong>hominum</strong></span> <span class='ocrx_word' id='word_1_90' title='bbox 382 1807 601 1878; x_wconf 73' lang='lat' dir='ltr'><strong>inflammantes,</strong></span> <span class='ocrx_word' id='word_1_91' title='bbox 616 1810 682 1881; x_wconf 87' lang='lat' dir='ltr'><strong>quis</strong></span> <span class='ocrx_word' id='word_1_92' title='bbox 701 1825 825 1868; x_wconf 83' lang='lat' dir='ltr'><strong>amorem</strong></span> <span class='ocrx_word' id='word_1_93' title='bbox 840 1810 884 1867; x_wconf 89' lang='lat' dir='ltr'><strong>sui</strong></span> <span class='ocrx_word' id='word_1_94' title='bbox 899 1808 1018 1867; x_wconf 77' lang='lat' dir='ltr'><strong>subiecti</strong></span> 
     </span>
     <span class='ocr_line' id='line_1_17' title="bbox 218 1905 1018 1979; baseline 0.003 -16"><span class='ocrx_word' id='word_1_95' title='bbox 218 1905 290 1964; x_wconf 85' lang='lat' dir='ltr'><strong>solel</strong></span> <span class='ocrx_word' id='word_1_96' title='bbox 310 1906 470 1979; x_wconf 87' lang='lat' dir='ltr'><strong>imprimere</strong></span> <span class='ocrx_word' id='word_1_97' title='bbox 491 1906 608 1964; x_wconf 70' lang='lat' dir='ltr'><strong>scientia</strong></span> <span class='ocrx_word' id='word_1_98' title='bbox 628 1908 722 1965; x_wconf 83' lang='lat' dir='ltr'><strong>auimo</strong></span> <span class='ocrx_word' id='word_1_99' title='bbox 743 1907 870 1966; x_wconf 79' lang='lat' dir='ltr'><strong>studiosi.</strong></span> <span class='ocrx_word' id='word_1_100' title='bbox 892 1906 1018 1965; x_wconf 82' lang='lat' dir='ltr'><strong>Cernens</strong></span> 
     </span>
     <span class='ocr_line' id='line_1_18' title="bbox 216 2003 1019 2077; baseline 0.002 -16"><span class='ocrx_word' id='word_1_101' title='bbox 216 2003 313 2076; x_wconf 77' lang='lat' dir='ltr'><strong>igilur,</strong></span> <span class='ocrx_word' id='word_1_102' title='bbox 335 2005 365 2061; x_wconf 89' lang='lat' dir='ltr'><strong>in</strong></span> <span class='ocrx_word' id='word_1_103' title='bbox 384 2004 479 2077; x_wconf 83' lang='lat' dir='ltr'><strong>legum</strong></span> <span class='ocrx_word' id='word_1_104' title='bbox 500 2003 615 2062; x_wconf 84' lang='lat' dir='ltr'><strong>illarum</strong></span> <span class='ocrx_word' id='word_1_105' title='bbox 636 2004 739 2063; x_wconf 74' lang='lat' dir='ltr'><strong>studiis</strong></span> <span class='ocrx_word' id='word_1_106' title='bbox 752 2005 878 2065; x_wconf 91' lang='lat' dir='ltr'><strong>homines</strong></span> <span class='ocrx_word' id='word_1_107' title='bbox 892 2005 1019 2064; x_wconf 74' lang='lat' dir='ltr'><strong>subtilis-</strong></span> 
     </span>
     <span class='ocr_line' id='line_1_19' title="bbox 216 2100 1017 2176; baseline 0.004 -18"><span class='ocrx_word' id='word_1_108' title='bbox 216 2102 302 2159; x_wconf 91' lang='lat' dir='ltr'><strong>simos</strong></span> <span class='ocrx_word' id='word_1_109' title='bbox 322 2100 415 2160; x_wconf 73' lang='lat' dir='ltr'><strong>subito</strong></span> <span class='ocrx_word' id='word_1_110' title='bbox 436 2100 573 2172; x_wconf 78' lang='lat' dir='ltr'><strong>hebetari,</strong></span> <span class='ocrx_word' id='word_1_111' title='bbox 594 2103 818 2176; x_wconf 89' lang='lat' dir='ltr'><strong>simplicissimos</strong></span> <span class='ocrx_word' id='word_1_112' title='bbox 830 2104 860 2162; x_wconf 90' lang='lat' dir='ltr'><strong>in</strong></span> <span class='ocrx_word' id='word_1_113' title='bbox 877 2103 1017 2162; x_wconf 73' lang='lat' dir='ltr'><strong>malitiam</strong></span> 
     </span>
     <span class='ocr_line' id='line_1_20' title="bbox 216 2197 1017 2273; baseline 0.004 -17"><span class='ocrx_word' id='word_1_114' title='bbox 216 2197 333 2267; x_wconf 74' lang='lat' dir='ltr'><strong>deflecti,</strong></span> <span class='ocrx_word' id='word_1_115' title='bbox 355 2199 553 2260; x_wconf 88' lang='lat' dir='ltr'><strong>mundissimos</strong></span> <span class='ocrx_word' id='word_1_116' title='bbox 567 2200 689 2259; x_wconf 75' lang='lat' dir='ltr'><strong>terrenis</strong></span> <span class='ocrx_word' id='word_1_117' title='bbox 703 2200 849 2260; x_wconf 74' lang='lat' dir='ltr'><strong>affectibus</strong></span> <span class='ocrx_word' id='word_1_118' title='bbox 866 2201 1017 2273; x_wconf 74' lang='lat' dir='ltr'><strong>implicari,</strong></span> 
     </span>
     <span class='ocr_line' id='line_1_21' title="bbox 216 2297 1017 2372; baseline 0.004 -18"><span class='ocrx_word' id='word_1_119' title='bbox 216 2297 343 2369; x_wconf 79' lang='lat' dir='ltr'><strong>exemplo</strong></span> <span class='ocrx_word' id='word_1_120' title='bbox 364 2297 598 2371; x_wconf 79' lang='lat' dir='ltr'><strong>erenfragsnlium</strong></span> <span class='ocrx_word' id='word_1_121' title='bbox 616 2298 699 2358; x_wconf 92' lang='lat' dir='ltr'><strong>didici</strong></span> <span class='ocrx_word' id='word_1_122' title='bbox 713 2299 899 2372; x_wconf 85' lang='lat' dir='ltr'><strong>disciplinam,</strong></span> <span class='ocrx_word' id='word_1_123' title='bbox 915 2300 1017 2369; x_wconf 89' lang='lat' dir='ltr'><strong>sciens,</strong></span> 
     </span>
     <span class='ocr_line' id='line_1_22' title="bbox 215 2396 1061 2471; baseline 0.009 -19"><span class='ocrx_word' id='word_1_124' title='bbox 215 2396 379 2454; x_wconf 82' lang='lat' dir='ltr'><strong>comminari</strong></span> <span class='ocrx_word' id='word_1_125' title='bbox 393 2396 542 2455; x_wconf 88' lang='lat' dir='ltr'><strong>Dominum</strong></span> <span class='ocrx_word' id='word_1_126' title='bbox 565 2398 663 2469; x_wconf 90' lang='lat' dir='ltr'><strong>populi</strong></span> <span class='ocrx_word' id='word_1_127' title='bbox 677 2398 721 2456; x_wconf 93' lang='lat' dir='ltr'><strong>sui</strong></span> <span class='ocrx_word' id='word_1_128' title='bbox 735 2397 949 2471; x_wconf 90' lang='lat' dir='ltr'><strong>oppressoribus</strong></span> <span class='ocrx_word' id='word_1_129' title='bbox 963 2396 1017 2455; x_wconf 82' lang='lat' dir='ltr'><strong>Pa·</strong></span> <span class='ocrx_word' id='word_1_130' title='bbox 1054 2456 1061 2460; x_wconf 86' lang='lat'>.</span> 
     </span>
     <span class='ocr_line' id='line_1_23' title="bbox 215 2492 999 2575; baseline 0.004 -25"><span class='ocrx_word' id='word_1_131' title='bbox 215 2492 353 2575; x_wconf 77' lang='lat' dir='ltr'><strong>leesiinis,</strong></span> <span class='ocrx_word' id='word_1_132' title='bbox 375 2492 448 2567; x_wconf 88' lang='lat' dir='ltr'><strong>quod</strong></span> <span class='ocrx_word' id='word_1_133' title='bbox 469 2494 676 2566; x_wconf 75' lang='lat' dir='ltr'><strong>interpretatur</strong></span> <span class='ocrx_word' id='word_1_134' title='bbox 687 2496 732 2571; x_wconf 87' lang='lat'><strong>(2)</strong></span> <span class='ocrx_word' id='word_1_135' title='bbox 754 2513 787 2555; x_wconf 88' lang='lat' dir='ltr'><strong>os</strong></span> <span class='ocrx_word' id='word_1_136' title='bbox 806 2495 999 2555; x_wconf 78' lang='lat' dir='ltr'><strong>malleatoris.</strong></span> 
     </span>
    </p>
   </div>
   <div class='ocr_carea' id='block_1_5' title="bbox 216 2644 375 2655">
    <p class='ocr_par' dir='ltr' id='par_1_6' title="bbox 216 2644 375 2655">
     <span class='ocr_line' id='line_1_24' title="bbox 216 2644 375 2655; baseline 0.013 -2"><span class='ocrx_word' id='word_1_137' title='bbox 216 2644 375 2655; x_wconf 61' lang='lat' dir='ltr'>——u—</span> 
     </span>
    </p>
   </div>
   <div class='ocr_carea' id='block_1_6' title="bbox 215 2740 1016 2964">
    <p class='ocr_par' dir='ltr' id='par_1_7' title="bbox 215 2740 1016 2964">
     <span class='ocr_line' id='line_1_25' title="bbox 279 2740 569 2800; baseline 0.007 -13"><span class='ocrx_word' id='word_1_138' title='bbox 279 2740 301 2800; x_wconf 87' lang='lat'><strong>1)</strong></span> <span class='ocrx_word' id='word_1_139' title='bbox 319 2740 346 2788; x_wconf 92' lang='lat' dir='ltr'><strong>Id</strong></span> <span class='ocrx_word' id='word_1_140' title='bbox 361 2742 398 2788; x_wconf 80' lang='lat' dir='ltr'><strong>esi</strong></span> <span class='ocrx_word' id='word_1_141' title='bbox 413 2746 569 2789; x_wconf 81' lang='lat' dir='ltr'><strong>ornamenta.</strong></span> 
     </span>
     <span class='ocr_line' id='line_1_26' title="bbox 276 2819 1016 2884; baseline 0.008 -17"><span class='ocrx_word' id='word_1_142' title='bbox 276 2820 301 2881; x_wconf 81' lang='lat'><strong>2)</strong></span> <span class='ocrx_word' id='word_1_143' title='bbox 319 2819 368 2869; x_wconf 78' lang='lat' dir='ltr'><strong>cfr.</strong></span> <span class='ocrx_word' id='word_1_144' title='bbox 386 2823 509 2869; x_wconf 75' lang='lat' dir='ltr'><strong>comment.</strong></span> <span class='ocrx_word' id='word_1_145' title='bbox 527 2822 593 2871; x_wconf 75' lang='lat' dir='ltr'><strong>cord.</strong></span> <span class='ocrx_word' id='word_1_146' title='bbox 605 2823 668 2881; x_wconf 72' lang='lat' dir='ltr'><strong>Hup.</strong></span> <span class='ocrx_word' id='word_1_147' title='bbox 685 2837 700 2871; x_wconf 82' lang='lat' dir='ltr'><strong>e</strong></span> <span class='ocrx_word' id='word_1_148' title='bbox 716 2822 741 2871; x_wconf 88' lang='lat' dir='ltr'><strong>S.</strong></span> <span class='ocrx_word' id='word_1_149' title='bbox 754 2823 830 2875; x_wconf 78' lang='lat' dir='ltr'><strong>chero</strong></span> <span class='ocrx_word' id='word_1_150' title='bbox 845 2823 872 2872; x_wconf 88' lang='lat' dir='ltr'><strong>iu</strong></span> <span class='ocrx_word' id='word_1_151' title='bbox 887 2825 932 2874; x_wconf 65' lang='lat' dir='ltr'><strong>Ps„</strong></span> <span class='ocrx_word' id='word_1_152' title='bbox 944 2824 985 2884; x_wconf 79' lang='lat'><strong>86,</strong></span> <span class='ocrx_word' id='word_1_153' title='bbox 1000 2825 1016 2873; x_wconf 79' lang='lat'>4</span> 
     </span>
     <span class='ocr_line' id='line_1_27' title="bbox 215 2898 863 2964; baseline 0.009 -18"><span class='ocrx_word' id='word_1_154' title='bbox 215 2898 284 2958; x_wconf 78' lang='lat' dir='ltr'><strong>(edic.</strong></span> <span class='ocrx_word' id='word_1_155' title='bbox 302 2900 386 2948; x_wconf 73' lang='lat' dir='ltr'><strong>lensi.</strong></span> <span class='ocrx_word' id='word_1_156' title='bbox 406 2900 466 2949; x_wconf 74' lang='lat'>1754</span> <span class='ocrx_word' id='word_1_157' title='bbox 481 2904 539 2950; x_wconf 77' lang='lat' dir='ltr'><strong>lom.</strong></span> <span class='ocrx_word' id='word_1_158' title='bbox 556 2902 579 2949; x_wconf 90' lang='lat' dir='ltr'><strong>ll</strong></span> <span class='ocrx_word' id='word_1_159' title='bbox 593 2917 649 2962; x_wconf 74' lang='lat' dir='ltr'><strong>pup.</strong></span> <span class='ocrx_word' id='word_1_160' title='bbox 666 2902 713 2951; x_wconf 77' lang='lat'><strong>226</strong></span> <span class='ocrx_word' id='word_1_161' title='bbox 729 2904 748 2950; x_wconf 90' lang='lat' dir='ltr'>B</span> <span class='ocrx_word' id='word_1_162' title='bbox 764 2904 809 2952; x_wconf 85' lang='lat' dir='ltr'><strong>col.</strong></span> <span class='ocrx_word' id='word_1_163' title='bbox 827 2904 863 2964; x_wconf 80' lang='lat'><strong>2).</strong></span> 
     </span>
    </p>
   </div>
   <div class='ocr_carea' id='block_1_7' title="bbox 0 0 1146 3484">
    <p class='ocr_par' dir='ltr' id='par_1_8' title="bbox 0 0 1146 3484">
     <span class='ocr_line' id='line_1_28' title="bbox 0 0 1146 3484; baseline 0 2"><span class='ocrx_word' id='word_1_164' title='bbox 0 0 1146 3484; x_wconf 95' lang='lat' dir='ltr'><strong> </strong></span> 
     </span>
    </p>
   </div>
  </div>
 </body>
</html>
