2284 3484
222 245 280 305 104
485 262 627 306 semones
648 261 761 305 rnoars.

220 454 254 512 ut
273 454 311 511 ab
331 455 392 526 ipso
412 470 467 511 non
490 455 614 511 valueris
635 453 787 511 abstinere.
801 453 846 510 An
862 454 1025 526 ignorabas,

220 552 294 625 qaod
314 551 347 609 de
368 551 427 609 tam
448 552 596 610 excellenti
617 553 757 624 passionis
778 550 912 609 beneficio
933 552 1028 609 iuera-

220 666 285 707 mus
305 650 434 722 ingrati?
454 649 549 706 Etiam
566 666 637 722 quos
656 650 792 722 speciales
808 647 852 723 (1)
874 649 1027 717 habueras

220 747 356 805 increduli
378 746 565 816 exstiterunt3
588 747 724 820 quomedo
745 764 813 820 erge
833 764 885 805 nos
907 747 1028 818 potuisti

221 846 345 917 amplius
366 846 491 902 intueri?
510 843 534 902 0
558 863 642 918 qnam
665 844 803 904 mirabilis
824 844 868 902 est
889 843 940 902 tua
961 845 1028 902 dile·

221 942 286 1010 otio,
317 959 379 1004 cum
411 959 467 1001 nen
499 944 592 1014 possis
622 942 658 1000 ab
689 941 849 1000 hominibus
881 943 1026 1014 separari!

222 1039 332 1108 Nonne,
348 1042 414 1113 quia
431 1057 601 1113 ascensurus
622 1057 686 1098 eras
706 1041 741 1097 ad
764 1040 907 1098 dexteram
928 1039 1028 1098 Patris

222 1138 274 1205 tui,
297 1137 468 1209 potestatem
488 1138 595 1196 homini
610 1138 752 1206 dimisisti,
767 1137 800 1195 ut
817 1138 854 1206 te,
869 1155 931 1196 enm
946 1137 1027 1205 velit,

221 1235 326 1293 habeat
345 1237 375 1293 in
397 1236 504 1294 altari?
524 1236 607 1294 Hano
628 1228 798 1308 potestatem
821 1237 854 1304 ei,
874 1235 1027 1308 antequam

222 1334 293 1391 meri
315 1334 462 1405 inciperes,
484 1333 621 1402 tribuisti,
642 1351 676 1391 ne
697 1335 829 1392 amittere
855 1333 882 1392 te
904 1333 1028 1390 timeret.

222 1429 284 1498 Sed,
306 1446 322 1488 o
342 1447 392 1488 eur
413 1430 466 1489 hoe
486 1431 577 1489 faeere
598 1431 723 1499 voluisti,
745 1449 806 1489 enm
829 1431 864 1488 ad
892 1447 939 1490 eos
961 1432 1030 1488 mis·

223 1544 308 1585 suros
328 1545 405 1586 esses
426 1529 562 1601 Spiritum
585 1530 737 1587 sanetum?
758 1529 815 1587 Our
836 1545 946 1602 semper
965 1545 1027 1586 oum

222 1624 334 1684 bomine
356 1627 399 1683 vis
419 1628 546 1684 merari?
566 1627 620 1684 Sed
641 1627 690 1685 too
711 1643 827 1699 eorpore
847 1628 1030 1699 incorporare

223 1739 275 1780 nos
295 1722 426 1782 totaliter
447 1724 563 1781 voluisti
585 1724 613 1781 et
635 1725 684 1782 too
715 1741 767 1783 nos
788 1724 905 1784 voluisti
930 1726 1030 1797 potare

225 1822 371 1893 sanguine,
393 1822 427 1878 ut
447 1822 487 1878 sio
501 1823 550 1879 tue
571 1823 705 1880 inebriati
718 1839 813 1882 amore
834 1823 926 1881 tecum
940 1839 1028 1880 unum

224 1935 270 1976 eor
291 1919 320 1976 et
340 1935 424 1976 unam
447 1921 569 1976 animam
592 1920 768 1978 haberemus
791 1921 957 1990 euidenter
987 1921 1032 1978 est

225 2016 304 2072 alind
324 2015 404 2073 tuum
427 2019 604 2090 sanguinem,
626 2021 673 2091 qui
689 2021 733 2076 est
748 2021 827 2077 sedes
847 2021 958 2076 animae
975 2019 1030 2093 (2),

223 2113 327 2181 bibere,
348 2115 404 2171 nisi
424 2116 553 2172 nostram
575 2118 697 2174 animam
719 2118 786 2174 tuae
800 2117 1033 2189 inseparabiliter

223 2211 379 2283 colligare?
399 2213 459 2271 Hoc
472 2213 547 2270 certe
561 2213 692 2286 estquod
708 2217 759 2284 vis,
774 2215 827 2274 hoe
840 2215 884 2273 est
899 2215 974 2288 quod
988 2217 1032 2273 de·

224 2309 341 2377 sideras,
357 2309 433 2366 Deos
447 2327 535 2378 meus,
549 2310 602 2369 hoo
616 2313 668 2380 est,
684 2313 854 2385 Redemptor
869 2312 898 2370 et
913 2313 1032 2372 Domine

223 2408 271 2476 mi,
283 2407 357 2479 quod
370 2406 450 2465 tanto
465 2407 591 2479 tempore
606 2410 779 2480 procurasti,
796 2425 847 2482 pro
861 2411 914 2468 hoo
925 2413 1000 2468 enim
1014 2428 1032 2468 a

225 2503 276 2560 toa
290 2503 412 2561 infantia
429 2505 578 2562 laborasti.
593 2507 653 2564 Hoc
667 2507 748 2565 nobis
766 2507 901 2566 concedas
916 2510 966 2581 qui
981 2524 1031 2580 pro

224 2600 305 2658 nobis
327 2603 440 2673 plenum
464 2617 558 2660 amore
585 2606 751 2677 sangninem
773 2605 908 2663 effudisti.
929 2605 1031 2664 Amen.

227 2745 386 2753 ..ω-ῳ-

290 2831 313 2890 1)
331 2833 354 2878 M
370 2833 532 2890 spiritualee;
550 2833 604 2880 dein
622 2835 776 2882 exciderunt.

287 2911 313 2971 2)
331 2912 380 2960 cfr.
398 2912 475 2959 Levit.
496 2913 533 2972 17,
553 2915 580 2960 11
598 2917 623 2962 et
641 2914 679 2962 14.
