2284 3484
107 1119 185 1195 Quod
205 1120 285 1182 homo
306 1141 413 1200 ssmpsr
425 1121 464 1182 sit
482 1121 552 1182 bens
570 1121 713 1182 ordinatus
727 1121 757 1181 in
771 1121 905 1199 cogitatu,

334 1219 445 1297 loqusls
465 1226 495 1280 st
514 1219 682 1298 operatione.

188 1426 292 1483 Servus
314 1426 364 1483 Dei
384 1442 529 1498 nunquam
550 1425 664 1484 deberet
684 1443 734 1484 nes
755 1427 832 1484 aliud
857 1443 907 1484 nse

108 1524 194 1582 alitor
213 1525 347 1596 cogitare.
368 1524 446 1597 loqui
466 1524 495 1582 et
513 1526 635 1596 sperari,
657 1542 742 1598 qnam
770 1526 793 1582 si
820 1525 909 1583 Deum

108 1621 178 1680 facie
204 1623 240 1680 ad
267 1622 363 1681 faciem
386 1623 502 1683 videret.
531 1623 591 1680 Nec
618 1625 691 1682 snim
719 1623 909 1690 dubiumst,

108 1720 182 1792 quod
204 1721 244 1778 sic
263 1722 308 1778 est
326 1721 407 1778 nobis
423 1737 556 1791 praesens
572 1721 646 1778 Deus
661 1723 689 1778 et
703 1725 743 1780 sis
758 1738 808 1780 nss
823 1721 908 1789 videt,

108 1818 183 1876 sieut
202 1820 227 1875 si
246 1835 371 1876 essemus
391 1820 420 1876 in
441 1819 518 1877 caelo
531 1835 662 1892 empyreo
682 1822 711 1877 in
733 1820 796 1877 sede
813 1820 910 1876 beatas

109 1915 246 1988 Virginis
267 1918 398 1989 quamvis
418 1934 473 1974 non
496 1918 536 1974 sic
562 1917 664 1974 influat
692 1917 744 1984 hic,
768 1918 841 1974 sicut
861 1917 909 1974 ibi.

110 2014 149 2071 Et
168 2014 238 2081 ideo,
259 2016 389 2086 quamvis
409 2031 473 2071 sum
493 2032 549 2073 non
571 2015 723 2084 videamus,
738 2033 770 2073 ex
784 2033 839 2088 quo
861 2017 909 2072 sci-

109 2130 183 2180 mus,
204 2113 298 2184 ipsum
319 2129 379 2170 esse
400 2112 478 2170 iuxta
499 2129 550 2170 nos
578 2115 606 2169 st
633 2113 718 2170 etiam
746 2115 773 2170 in
802 2114 910 2171 intimis

109 2211 202 2269 cordis
222 2211 322 2278 nostri,
344 2228 398 2269 non
421 2211 553 2267 debemus
576 2211 690 2282 propter
710 2210 763 2270 hoc
784 2211 849 2284 plus
865 2213 910 2269 vel

110 2311 204 2366 minus
224 2327 274 2366 nec
294 2310 378 2366 aliter
394 2310 529 2382 cogitare,
543 2310 618 2380 loqui
641 2307 692 2366 aut
712 2307 810 2377 faeere,
825 2326 910 2381 quam

111 2409 136 2465 si
157 2425 267 2479 semper
287 2408 445 2466 videremus
465 2425 537 2465 sum.
561 2407 683 2464 Tantum
704 2408 777 2464 enim
798 2406 911 2464 timeret

110 2523 212 2564 servus
228 2507 416 2578 imperatoris,
432 2508 456 2564 si
470 2507 564 2578 sciret,
579 2506 652 2578 quod
668 2506 821 2577 imperatos·
835 2506 910 2563 esset

110 2604 190 2661 iusta
204 2621 268 2662 sum
281 2605 310 2662 st
325 2604 432 2661 vidsrst
445 2622 517 2670 eum,
528 2604 658 2676 quamvis
672 2605 730 2675 ipse
745 2619 800 2660 non
817 2603 911 2674 posset

110 2702 310 2774 imperatorem
331 2703 433 2768 videre,
453 2701 592 2774 quantum
614 2701 734 2767 timeret,
750 2701 774 2757 si
789 2702 848 2772 ipse
862 2701 911 2758 im·

112 2802 271 2872 peratorem
292 2800 408 2868 videret,
429 2801 512 2858 immo
533 2799 654 2858 forsitan
681 2799 781 2871 magis.
802 2798 911 2856 Nullus

111 2900 157 2956 est
176 2901 250 2956 enim
265 2915 373 2966 servus,
387 2899 435 2970 qui
455 2913 510 2956 non
532 2896 631 2955 timeat
646 2897 766 2970 propris,
781 2897 847 2970 quis
860 2896 912 2955 do·
