2284 3484
434 223 523 266 elenu
545 225 565 265 1.
882 209 899 266 7

99 323 606 335 —a-————.-...-.--.-‚.—-.-----
616 329 654 333 -..
673 329 745 335 ψ..-
758 329 900 336 —..—-

11 407 13 428 '
95 413 170 484 quod
191 413 249 470 Deo
270 415 369 483 servis,
392 415 439 473 sed
460 416 612 473 maximum
627 416 738 488 reputa,
753 416 827 490 quod
840 418 901 488 ipse

96 510 234 583 dignatur
247 511 350 570 babere
365 514 405 572 sio
418 513 635 573 insufficientem
650 515 679 573 ot
692 516 826 573 miserum
842 531 902 572 ser-

97 609 231 666 rientem.

166 805 250 880 Quod
269 824 330 865 nore
350 809 431 867 debet
450 809 547 868 dolere
567 809 602 868 de
621 810 701 867 molo
717 826 838 883 poenae,

409 907 461 965 sed
480 909 593 979 eulpae.

179 1101 313 1170 Secundo,
335 1102 368 1160 ut
388 1103 421 1161 de
443 1103 540 1171 nihilo,
563 1105 617 1162 nisi
638 1104 671 1162 de
694 1105 807 1177 peceato
820 1105 850 1161 et
866 1105 901 1163 ad

102 1199 248 1270 peceatum
269 1201 417 1259 inducente
438 1201 467 1259 et
487 1219 504 1259 a
524 1203 597 1260 bono
618 1202 783 1260 retrahente
799 1202 902 1271 doleat,

97 1298 184 1355 immo
206 1297 239 1355 de
261 1315 433 1373 quacumque
459 1301 516 1357 alia
537 1289 732 1373 tribulatione,
751 1301 854 1358 iniuria
874 1301 904 1358 et

98 1395 252 1454 afflictione
282 1396 414 1470 gandeat,
435 1398 589 1456 inferentes
618 1399 717 1456 intime
747 1398 849 1471 diligat
874 1399 904 1457 et

99 1494 248 1565 specialem
271 1495 425 1554 orationem
448 1513 499 1568 pro
520 1498 560 1553 eis
582 1495 677 1565 faeiat,
698 1497 757 1554 Deo
777 1497 841 1554 inde
862 1513 903 1555 eo·

98 1593 196 1662 pinsas
217 1591 315 1664 landes
336 1594 442 1652 referat
454 1594 483 1652 et
496 1594 532 1652 ad
547 1582 758 1677 regratiandum
774 1594 808 1652 de
822 1594 904 1654 tanto

99 1689 234 1747 beneficio
254 1691 469 1750 insufficientem
492 1710 520 1749 se
536 1692 727 1766 recognoscat,
742 1693 807 1766 quia
821 1709 904 1764 poem

100 1787 182 1846 Deus
207 1786 306 1861 dilipit
329 1791 452 1864 corripit
463 1789 507 1864 (1)
533 1790 561 1847 et
586 1790 718 1864 castigat,
744 1791 773 1848 et
797 1792 903 1863 «ipsae

99 1886 302 1945 tribulationes
322 1903 373 1946 nos
393 1888 428 1945 ad
450 1888 539 1946 Deum
560 1890 602 1946 ire
622 1889 795 1960 compellunt
809 1912 838 1944 ».

104 2081 190 2157 Qaeod
205 2086 411 2155 porrpertatem
433 2083 540 2156 dilipot
559 2088 587 2140 et
611 2100 722 2142 omnem
748 2085 904 2155 penuriam

347 2183 472 2254 propter
496 2180 657 2240 OEoristum.

181 2375 288 2448 Tertio,
308 2376 341 2434 ut
361 2377 394 2434 de
414 2377 619 2449 temporalibus
639 2376 711 2435 nibil
731 2378 785 2436 nisi
805 2377 903 2436 stricte

99 2473 296 2532 necessitatem
321 2491 400 2532 suam
423 2476 549 2549 requirat
563 2475 615 2535 aut
630 2493 802 2549 quocumque
823 2476 903 2535 modo

98 2572 230 2646 appetat,
252 2573 300 2630 sed
322 2572 435 2634 christo
463 2575 549 2647 capiti
577 2576 606 2632 in
635 2575 804 2647 paupertate
824 2575 853 2632 et
874 2576 903 2632 in
952 2586 954 2591 '

99 2717 263 2726 --—-.-...

168 2802 190 2862 1)
209 2803 279 2849 Pror.
298 2803 322 2860 3,
342 2802 379 2849 12.
396 2827 427 2836 -
443 2803 546 2860 Sequem
562 2804 627 2849 loeus
643 2804 681 2849 est
697 2802 813 2861 Gregorii,
826 2803 904 2851 XXVI

101 2883 196 2930 Morol.
214 2895 235 2929 o.
256 2883 327 2928 1311.
344 2882 383 2928 21.
