2284 3484
438 212 529 254 error
550 214 597 255 xv.
882 198 919 255 79

198 400 261 468 Sed,
282 400 316 458 ut
344 401 423 474 puto,
451 402 503 460 hoc
530 402 628 462 audire
655 420 713 462 non
740 404 829 475 potes,
858 405 924 476 quia

117 497 318 555 amaritudine
338 498 450 569 repleto
470 516 499 557 es
514 497 570 573 (1),
591 499 682 558 totum
697 516 745 558 eor
762 500 842 557 tuum
865 518 925 558 rer·

118 611 182 653 sum
204 595 277 667 erut,
298 595 420 665 domine,
445 597 519 654 eirea
540 597 605 654 Filii
634 598 676 655 tui
705 598 873 669 passionem.
901 596 924 655 Ο

118 693 193 750 mira
221 709 277 761 res,
304 693 366 752 tote
393 710 424 751 es
451 695 479 751 in
507 694 674 753 vulneribus
702 693 818 764 Christi,
846 695 925 753 totus

120 789 255 848 Christus
275 791 426 850 crucifixus
439 794 484 849 est
498 793 528 850 in
543 793 651 850 intimis
666 792 819 851 uisceribus
833 793 925 851 cordis

119 888 173 944 tui.
194 888 337 957 Quomodo
357 889 403 945 est
422 888 483 957 hoe,
504 889 579 961 quod
600 888 747 947 continens
768 890 849 946 sitin
864 905 926 948 eon·

119 985 200 1044 tento
216 985 282 1060 (2)?
303 984 326 1043 Ο
346 985 438 1055 homo,
461 987 580 1045 vulnera
600 1003 648 1046 eor
669 987 759 1055 tuum,
775 988 799 1044 si
819 987 863 1044 vis
882 987 926 1044 in-

118 1082 250 1155 telligere
270 1083 472 1156 quaestionem
493 1084 582 1156 Aperi
605 1100 653 1142 cor
680 1084 760 1141 tuum
782 1085 871 1142 oleris
897 1083 926 1140 et

119 1181 229 1248 lancee,
250 1181 280 1238 et
300 1181 407 1238 veritas
427 1181 611 1240 subintrabit.
633 1181 698 1240 Non
719 1181 811 1238 intret
824 1181 866 1240 sol
887 1182 926 1238 iu·

119 1277 218 1335 stitiae
237 1279 267 1334 in
288 1293 336 1336 oor
356 1278 494 1336 clausum.
508 1279 570 1347 Sed,
594 1295 609 1336 o
631 1280 782 1337 vulnerate
802 1278 925 1345 domina,

119 1375 242 1432 vulnere
263 1375 348 1433 eorda
368 1375 518 1434 nostrast
548 1377 577 1432 in
598 1375 728 1434 cordibus
749 1375 856 1434 nostris
884 1375 925 1431 toi

118 1471 186 1530 Filii
215 1487 320 1530 renova
352 1475 520 1544 passionom.
552 1472 606 1532 Cor
636 1473 717 1531 tuum
745 1472 926 1530 vulneratum

119 1570 261 1642 oouiunge
282 1570 359 1628 cordi
379 1569 488 1642 nostro,
509 1571 542 1628 ut
563 1570 655 1628 neum
676 1570 718 1627 tui
746 1570 810 1628 Filii
831 1570 927 1628 uulne-

119 1667 201 1726 ribus
222 1667 331 1740 pariter
353 1669 542 1728 vulneremur.
558 1668 614 1726 Cur
629 1667 681 1726 hoe
701 1683 749 1725 eor
770 1667 860 1736 tunm,
881 1667 926 1726 elo·

118 1765 208 1832 mina,
231 1764 334 1821 saltem
357 1780 414 1823 non
434 1764 533 1833 babeo,
548 1765 591 1834 ut,
606 1780 779 1838 quocumque
800 1781 926 1837 pergam,

120 1878 234 1934 semper
255 1862 305 1920 tuo
319 1862 392 1920 Filio
413 1863 519 1920 videam
543 1863 571 1920 te
591 1861 739 1921 confinem.
760 1860 784 1919 Ο
804 1861 926 1929 domina,

120 1961 145 2017 si
158 1947 231 2018 bini
245 1976 302 2018 nou
323 1961 367 2017 vis
387 1960 454 2018 dare
468 1959 572 2019 Filium
588 1961 669 2018 tuum
693 1959 855 2018 crucifixum
877 1975 927 2016 neo

119 2073 168 2116 oor
188 2057 271 2114 tuum
286 2057 478 2128 vulneratum,
493 2058 605 2125 saltem,
620 2073 732 2129 quaeso,
748 2055 815 2114 mihi
834 2056 927 2114 tribue

119 2155 187 2213 Filii
209 2155 252 2212 tui
273 2156 403 2222 vulnera,
430 2155 625 2223 contumelias,
647 2155 801 2223 illusiones,
829 2169 928 2226 oppro-

119 2253 185 2311 brie
205 2270 240 2311 uo
260 2270 332 2327 quoe
352 2255 382 2310 in
403 2254 432 2312 te
453 2254 543 2312 sentis
574 2254 633 2312 ille.
661 2252 738 2321 Quae
765 2253 838 2308 enirn
871 2268 928 2309 rna·

121 2352 176 2421 ter,
198 2353 223 2409 si
245 2351 351 2423 posset,
372 2368 429 2410 non
450 2351 573 2410 libenter
600 2351 725 2408 auferret
752 2367 769 2407 u
798 2367 827 2407 se
855 2349 884 2407 et
910 2367 927 2407 e.

121 2466 173 2508 suo
194 2449 269 2508 Filio
289 2450 436 2521 passiones
453 2449 483 2506 et
501 2451 530 2507 in
545 2464 598 2507 suo
611 2447 729 2521 poneret
743 2448 845 2505 servo?
858 2447 927 2514 Aut,

121 2549 146 2606 si
168 2548 210 2606 sio
221 2546 371 2620 ,inebriate
392 2563 422 2604 es
443 2547 550 2604 inistis
570 2562 621 2604 neo
640 2547 684 2604 ris
705 2561 737 2603 ea
752 2562 768 2602 a
783 2543 832 2605 tuo
846 2543 928 2603 eorde

124 2689 286 2698 -—.-——-

187 2777 211 2836 1)
228 2774 366 2835 Resoluitur
382 2775 469 2822 Thten.
490 2775 513 2835 l,
529 2774 568 2823 20.

183 2857 210 2916 2)
227 2855 279 2904 Alii
293 2857 329 2903 eit
344 2859 494 2902 muntem.
535 2907 544 2924 .
