2284 3484
245 253 389 317 crurrouu
409 272 546 315 reuersis
567 272 621 314 ero
641 270 770 313 nrnroro.
847 251 918 356 ,193ι

646 372 912 386 -ρᾴ-*Ἷ
926 385 929 391 Ι

107 466 187 523 Haeo
209 465 373 537 Gregorius.
389 464 444 523 Pro
459 464 535 523 certo
557 463 646 537 igilur
666 463 773 531 tensae,
792 462 911 523 formam

106 564 199 631 illam,
218 579 303 635 quam
324 564 383 634 ipse
398 562 535 623 Dominus
550 560 676 619 servavit
688 560 718 618 eb
731 562 760 617 in
774 561 912 633 apostolis
979 579 982 582 ·

108 660 325 727 commendavit,
347 678 408 719 esse
429 678 497 733 prae
517 660 619 719 eoloris
639 658 817 727 sanctiorem,
838 659 868 717 el
887 662 912 717 si

109 760 180 818 bene
202 759 340 827 servetur,
362 759 398 816 ad
419 758 555 817 movenda
576 758 660 816 eorde
680 757 862 830 praecederis
876 757 912 815 ef·

109 858 224 915 licaoem
238 857 267 913 eb
281 858 458 915 remotiorem
473 874 490 913 a
504 858 628 928 periculo
642 856 808 929 hypocrisis,
827 872 912 927 quam

110 956 300 1027 praecederis
322 956 399 1012 vitiis
420 955 556 1013 Dominus
577 955 605 1011 in
628 954 774 1025 evangelio
788 952 913 1011 confula-

110 1054 163 1111 ril.
186 1053 246 1112 Hoo
267 1054 353 1112 etiam
375 1070 425 1125 pro
446 1052 522 1111 oerbo
543 1053 650 1119 leneas
672 1054 701 1109 in
723 1053 781 1109 alia
800 1052 912 1109 vivendi

110 1152 202 1210 forma
224 1153 371 1224 plurimos,
393 1152 426 1209 ui
447 1151 575 1224 aestimo,
590 1151 648 1209 Deo
664 1149 807 1222 placentes
821 1150 912 1208 cordis

109 1235 300 1307 innocentiam
321 1249 471 1310 custodire.

192 1348 246 1405 His
266 1348 380 1417 audilis,
401 1347 508 1420 quierit
528 1349 641 1404 animus
661 1363 756 1416 meus;
772 1347 820 1404 sed
834 1346 913 1418 opta·

110 1447 177 1505 bam
198 1446 321 1518 amplius
341 1447 370 1503 in
391 1446 476 1503 huius
498 1446 574 1504 vitae
594 1446 740 1517 proposito
764 1446 913 1504 consolari.

111 1544 177 1601 Diri
208 1543 298 1617 igilur
329 1544 444 1612 Seniori‚
466 1544 499 1601 ni
525 1544 602 1613 mihi,
624 1544 691 1601 dala
722 1544 913 1615 responsione,

110 1644 190 1700 illius
218 1642 325 1700 ordinis
346 1644 434 1700 ribam
467 1643 496 1699 ei
526 1642 650 1700 ordinem
682 1640 836 1713 explicaret
851 1639 912 1716 (1);

110 1742 168 1798 dixi
188 1741 300 1813 ideque:
322 1740 414 1799 Dieiio
438 1740 517 1813 mihi,
547 1743 571 1798 si
599 1741 667 1799 ordo
692 1740 747 1798 isle
771 1740 913 1812 aliquibus

111 1839 268 1897 visionibus
289 1839 333 1897 esi
355 1840 536 1911 praeventus.
568 1839 661 1897 Dioilo
688 1840 813 1910 insuper,
834 1839 858 1895 si
878 1838 914 1895 ii·

111 1938 175 1995 oeai
187 1936 311 1996 ordinem
326 1937 401 1994 huno
416 1936 542 2008 professo
553 1937 589 1994 ad
599 1938 688 1995 elium
703 1954 732 1994 se
746 1936 913 2005 transferre,

111 2036 157 2093 vel
178 2034 273 2104 eiiam,
296 2036 320 2091 si
341 2034 426 2092 licead
446 2034 511 2092 huie
531 2035 623 2093 ordini
644 2035 769 2107 obligabo
797 2033 832 2091 ad
856 2051 914 2090 ma·

111 2132 237 2191 nendum
257 2134 287 2189 in
308 2148 339 2191 eo
354 2132 463 2205 ingredi
475 2132 520 2206 (2)
542 2133 665 2205 aliquem
686 2133 816 2190 aliorum.
836 2131 913 2189 Sum-

112 2233 201 2289 marie
219 2216 304 2288 etiem
320 2230 444 2300 ostendo,
460 2232 507 2303 qui
522 2230 581 2287 sini
596 2247 695 2299 meree,
711 2230 812 2303 quibus
826 2246 856 2287 se
870 2231 914 2287 de·

111 2330 181 2387 beni
201 2328 306 2387 fraires
326 2330 403 2386 illius
425 2329 539 2398 ordinis,
555 2329 624 2387 duee
647 2329 752 2401 gratia,
771 2328 913 2400 coeptare.

193 2427 349 2499 Respondit
376 2428 473 2484 Senior
501 2428 665 2485 subridens:
699 2425 812 2500 Onepri
832 2429 914 2485 slede-

110 2528 185 2583 roni
205 2526 237 2582 in
257 2525 391 2597 rupibus,
407 2528 560 2583 traxerunt
580 2526 797 2597 modumquasi
814 2524 915 2583 draeo·

111 2677 273 2687 .-.-ι.-..-.

177 2774 199 2831 ll
218 2774 271 2820 Aet
280 2774 298 2820 F
308 2774 335 2819 in
347 2774 561 2821 duobus-exhibito
571 2774 741 2834 responsali...
754 2774 912 2835 impetraret.

175 2854 200 2913 2)
218 2854 238 2900 A
255 2855 279 2900 et
296 2854 314 2899 Io
331 2854 467 2913 oblipotum
489 2854 598 2913 aliquem
616 2854 650 2900 ad
668 2855 818 2901 monendum
838 2855 867 2900 in
887 2870 913 2902 eo

112 2935 221 2994 inpredr'.

823 3035 852 3082 le
