2284 3484
397 251 487 297 oiruo
508 252 547 300 ιν.
836 234 872 298 21

76 349 395 364 m·—

73 444 106 502 ut
120 443 191 502 beno
205 445 293 513 rideo,
308 461 364 503 non
383 421 426 503 me
447 445 536 515 audis,
552 463 600 503 eor
614 446 694 502 tuum
709 446 874 517 absorptum

70 543 114 600 est
143 558 211 613 praa
233 541 354 600 dulcore.
382 543 444 600 Iam
473 543 514 600 tui
542 535 708 615 interpretis
728 543 879 600 existentis

70 640 99 695 in
121 656 232 722 caruere
253 657 282 698 es
304 639 401 698 oblita.
427 640 516 699 Cerno
537 643 622 709 enim,
643 641 671 698 te
692 643 732 699 sio
752 642 875 699 amoeni-

71 723 132 794 tate
151 739 241 794 nimia
261 755 321 796 esse
343 740 467 810 raptum,
488 740 522 796 ut
542 739 595 796 tibi
612 741 668 796 iam
690 755 745 798 non
767 738 806 796 sit
823 754 876 796 vox
930 785 944 796 .

71 849 162 908 nequo
187 851 296 892 sensus.
323 835 493 909 Quicumque
514 836 609 894 autem
630 837 877 908 contemplationis

71 932 245 991 dulcedinem
260 934 315 990 nisi
331 951 380 1006 per
393 935 470 992 istud
488 935 592 994 ostium
606 934 728 993 uoluerit
749 935 875 1003 introire,

72 1048 100 1087 se
122 1030 214 1088 furem
235 1032 349 1104 reputet
369 1032 399 1089 et
419 1033 558 1090 latronem
575 1030 630 1107 (1).

152 1128 279 1186 Tertium
301 1129 353 1198 est,
376 1130 410 1187 ut
437 1131 579 1202 possidere
610 1146 665 1188 non
697 1132 794 1202 cupias
822 1131 878 1186 nisi

73 1226 174 1293 Deum,
196 1225 225 1283 et
245 1227 379 1300 quidquid
400 1229 455 1285 nisi
472 1229 561 1284 Deum
583 1227 715 1285 habueris
737 1228 787 1285 aut
802 1227 876 1286 obla-

71 1324 133 1380 tum
155 1323 242 1381 fuerit
257 1325 301 1382 vel
316 1325 419 1382 videris
434 1326 478 1383 vel
494 1326 633 1383 nominari
647 1325 779 1393 audieris,
793 1325 877 1382 debes

72 1422 211 1495 tanquam
232 1422 266 1480 de
287 1422 330 1480 tot
352 1423 427 1480 foliis
446 1440 500 1482 non
524 1440 624 1480 aurare
639 1423 695 1497 (2).

152 1519 189 1576 In
211 1519 269 1577 Deo
291 1520 350 1578 solo
371 1520 500 1578 stabilias
518 1519 639 1578 mentem
655 1521 734 1578 tuam
756 1520 784 1577 et
798 1521 876 1578 solus

73 1616 125 1674 soli
148 1618 287 1688 iungaris.
316 1618 394 1675 Tune
414 1619 443 1675 in
471 1618 588 1676 auribus
614 1618 673 1675 tuis
695 1619 782 1676 melos
810 1635 877 1674 suae

71 1713 249 1786 eloquentiae
271 1715 423 1783 resonabit,
445 1716 596 1774 thesauros
627 1732 694 1772 suae
722 1715 877 1787 sapientiae

72 1810 222 1879 revelabit,
244 1811 380 1869 melliflua
401 1813 496 1870 oscula
517 1813 668 1870 exhibebit.
689 1813 727 1870 Te
748 1830 816 1884 prae
834 1812 878 1870 de·

71 1911 144 1968 liciis
165 1926 223 1968 non
244 1910 351 1982 poteris
372 1911 512 1968 sustinere
533 1909 562 1968 et
583 1913 641 1968 suis
662 1911 690 1968 te
711 1911 878 1968 sustentans

72 2007 260 2080 amplexibus,
281 2009 367 2065 nimia
389 2008 533 2066 dulcedine
554 2008 721 2066 absorberis.

154 2103 259 2162 Ofelix
273 2106 384 2162 animal
400 2122 454 2178 quo
469 2105 586 2162 arbiisti?
605 2106 671 2178 quid
686 2105 739 2163 nos
751 2107 780 2161 in
795 2104 879 2162 tanta

73 2201 264 2260 amaritudine
285 2203 446 2275 reliquisti?
466 2203 577 2261 Nuntia
598 2203 687 2271 nobis,
709 2203 831 2270 obsecro,
854 2204 878 2259 si

73 2302 125 2359 tibi
141 2299 248 2359 suffieit
268 2300 339 2358 illud
353 2301 466 2370 bonum,
481 2319 516 2358 an
533 2303 585 2369 uis,
607 2302 640 2359 ut
661 2301 713 2358 tibi
726 2301 760 2358 de
771 2301 878 2358 nostris

74 2396 181 2457 exeniis
198 2399 451 2457 transmittamus?
471 2401 532 2469 Sed,
548 2399 674 2471 utputo,
690 2416 744 2457 non
761 2398 877 2470 ruputas

73 2514 124 2556 nos
156 2496 271 2564 exeniis,
294 2497 341 2552 sed
363 2496 533 2555 stercoribus
559 2496 712 2554 abundare.
734 2496 805 2565 Quid
826 2495 878 2551 tibi

74 2593 259 2663 ostendimus
286 2609 301 2651 o
332 2593 419 2651 nimia
450 2594 624 2652 iucunditate
656 2594 774 2665 repleta,
805 2592 879 2665 quod

75 2737 236 2744 --——-

138 2825 162 2884 1)
181 2823 231 2870 Gir.
248 2824 314 2870 loun.
334 2824 371 2883 10,
391 2825 412 2870 1.

136 2906 161 2964 2)
181 2905 205 2950 M
223 2903 315 2951 omittit
331 2918 389 2950 non.
