2284 3484
429 229 519 271 creua
540 230 560 270 1.
857 209 893 269 11

790 329 895 338 ——n—
928 329 931 332 -

93 420 242 477 sinceriter
264 419 324 478 sine
346 419 419 477 sccic
439 418 587 491 diligatur.
614 417 674 474 Nec
701 432 764 474 eum
789 416 898 473 alliciat

93 517 353 590 quantulacumque
380 516 520 574 sanctitas
540 517 660 574 alicuius
680 515 732 572 aut
752 514 898 572 beneflcio·

95 633 159 673 rum
180 615 367 684 immensitas,
383 616 416 672 ut
436 616 559 688 aliquem
574 631 668 672 amere
683 613 784 686 diligat
805 614 899 685 singu·

93 715 159 781 lari,
175 714 230 784 ,sed
252 731 345 772 amore
367 713 515 781 communi,
537 713 644 771 scilicet
658 711 787 780 caritate,
802 727 898 769 amnes

94 815 124 869 in
146 813 238 870 Deum
252 812 377 871 referens
397 813 489 884 magis
507 811 610 884 diligat
630 811 782 869 meliorem.
800 807 899 866 Potest

94 911 192 968 tamen
221 909 355 968 beneficia
383 927 434 982 pro
461 909 603 967 beneficiis
627 908 778 981 rependere
799 907 828 965 et
848 923 899 979 pro

95 1008 323 1067 benefactoribus
341 1009 371 1065 et
389 1009 555 1081 propinquis
568 1009 598 1065 et
612 1008 762 1079 praecipue
783 1022 834 1079 pro
853 1021 900 1077 pa·

96 1107 227 1164 rentibus
248 1108 402 1165 oraticnem
419 1123 510 1165 ceram
527 1106 586 1164 Dec
599 1105 635 1162 ad
653 1105 774 1162 salutem
795 1105 900 1161 anima·

96 1223 161 1262 rum
183 1205 324 1264 effundere
346 1205 503 1278 specialem.

141 1382 234 1460 Quod·
246 1399 358 1456 semper
379 1384 476 1442 Deum
497 1381 604 1440 habeat
624 1382 745 1440 ectasin
765 1338 859 1440 corae.

180 1563 272 1631 Nono,
297 1562 339 1632 ut,
365 1561 499 1636 quidquid
523 1561 610 1620 faciat
629 1562 659 1618 et
682 1560 901 1633 quibuscumque

99 1661 223 1735 negotiis
244 1660 413 1733 implicetur,
436 1659 525 1718 Deum
545 1659 611 1718 actu
639 1661 668 1715 in
695 1658 776 1716 ccrde
797 1655 903 1714 habeat

98 1765 128 1819 et
148 1761 222 1818 nihil
247 1759 324 1818 aliud
346 1777 429 1833 quam
455 1759 588 1817 hencrem
618 1776 699 1816 suum
721 1759 750 1814 in
772 1756 901 1815 omnibus

15 1935 16 1940 η
98 1859 252 1917 actualiter
277 1875 326 1916 seu
350 1857 536 1915 habitualiter
560 1856 701 1914 intendat.
721 1855 773 1913 Sed
793 1853 903 1912 adhoc

99 1959 250 2029 praecipue
264 1957 384 2022 nitatur,
395 1955 429 2013 ut
443 1956 482 2013 sic
496 1956 673 2028 praesentem
689 1970 799 2026 semper
814 1953 902 2010 ileum

100 2055 255 2129 intelligat,
279 2055 338 2112 acsi
361 2056 463 2128 ipsum,
489 2053 537 2111 ubi
562 2070 696 2124 praesens
722 2052 774 2120 est,
796 2053 825 2108 in
851 2067 903 2108 sua

100 2154 226 2212 essentia
246 2153 369 2222 videret3
391 2154 485 2225 sicque
512 2169 575 2208 eum
604 2151 712 2219 timeat,
740 2147 904 2209 revereatur

100 2259 130 2310 et
150 2253 264 2309 intenso
285 2267 379 2310 amore
400 2252 428 2308 in
454 2251 547 2322 ipsum
575 2248 683 2307 feratur
703 2265 798 2320 ecque,
819 2247 905 2320 prcut

100 2350 206 2423 potest,
232 2351 262 2408 in
286 2350 332 2407 via
353 2349 466 2406 fruatur
486 2349 515 2406 et
535 2349 565 2406 in
586 2350 649 2421 ipsc
669 2348 698 2406 et
718 2364 775 2406 nun
797 2348 825 2404 in
846 2345 904 2404 elic

101 2448 270 2521 requiescat.

190 2617 275 2693 Quod
293 2619 479 2690 recopncscct
501 2616 638 2688 beneficia
662 2613 817 2675 &catoris

183 2778 362 2848 Decimam,
378 2779 402 2835 si
420 2777 564 2850 praedicta
585 2778 697 2850 assequi
719 2779 823 2851 pcteat,
845 2795 905 2837 esse

102 2879 154 2936 Dei
175 2880 297 2952 maxima
321 2877 455 2936 beneficia
483 2877 674 2952 recognoscat.
703 2878 793 2936 Debet
812 2878 841 2936 st
861 2894 905 2935 ce·
