2284 3484
228 218 286 277 198
368 235 514 278 cadurcum
535 235 673 277 PAUPERIS
692 234 746 277 PRO
765 234 893 277 DIIAEG'I'O.

227 424 346 484 sectione
360 426 480 495 declaro,
496 443 581 499 quam
599 426 669 499 puto
689 427 718 483 in
740 442 789 483 sex
809 426 864 483 alis
884 424 1030 497 seraphim
1133 445 1134 490 ᾗ

227 524 416 597 significatam
447 524 543 597 fuisse,
564 526 613 597 qui
644 525 727 583 beato
758 525 908 583 Franciseo
939 541 1031 596 appa·
1133 579 1134 602 Ξ

227 621 286 680 ruit
312 623 471 681 eruoifirus.
492 656 532 665 -
557 622 683 681 Primam
708 622 760 681 tibi
787 622 924 680 virtutem
950 639 1031 695 prae·
1133 631 1134 666 ³

226 719 283 777 fert
304 720 402 793 regula
427 720 630 794 obedientiam,
656 737 714 779 non
739 737 953 794 quamcumque,
982 720 1031 778 sed

226 836 297 893 quae
317 819 397 877 iliam
418 818 530 878 Domini
550 820 643 879 nostri
666 819 834 887 aemuletur,
859 820 894 876 ut
919 819 1032 891 patitur

226 916 351 975 humana
372 917 524 990 fragilitas,
546 920 593 991 qui
622 934 710 991 usque
737 918 774 976 ad
802 917 921 975 mortem
947 916 1031 974 Patri

226 1014 372 1073 humiliter
393 1015 516 1074 obedivit
531 1014 587 1091 (1).
609 1016 679 1074 Cum
699 1016 789 1089 igitur
802 1014 964 1074 obedientes
980 1014 1030 1072 alii
1133 1077 1135 1087 ,

227 1112 337 1171 soleant
351 1112 462 1172 oeeoee
482 1114 562 1171 sarva
584 1112 742 1171 sabrinae
763 1113 799 1171 ae
819 1114 910 1172 iocum
929 1113 960 1170 a
973 1128 1029 1170 non
1133 1094 1135 1098 ’

227 1227 315 1282 supra
335 1212 472 1284 reguiam,
494 1228 578 1285 quam
593 1212 742 1280 voverunt,
757 1211 837 1283 seito,
852 1209 904 1268 tibi
917 1210 1028 1267 nulium
1133 1209 1135 1242 ³

227 1308 271 1365 ius
292 1325 353 1366 esse
373 1309 402 1365 in
423 1309 492 1377 loeo,
513 1326 564 1367 nee
585 1309 636 1365 tibi
662 1310 691 1366 in
715 1310 811 1381 atiquo
838 1308 891 1366 loei
918 1306 1030 1365 ambitu

228 1405 413 1463 obedientiam
434 1406 583 1464 terminari
598 1405 653 1480 (2).
675 1406 759 1474 Seite,
781 1407 809 1462 te
830 1405 901 1464 nihil
927 1405 1030 1463 tolera·
1133 1431 1135 1482 ᾖ

227 1503 283 1560 bile
304 1520 386 1575 posse
407 1520 533 1561 asserere
554 1521 642 1577 supra
663 1506 708 1561 ius
728 1504 873 1563 obediendi
886 1520 960 1571 esse,
973 1504 1030 1561 nisi
1133 1485 1135 1564 ἶ

228 1600 266 1657 sit
286 1601 460 1658 eontrarium
481 1602 596 1675 regulae
616 1602 646 1659 et
665 1602 754 1660 saluti
771 1601 837 1659 tuae
857 1601 1030 1675 generaliter
1133 1593 1134 1606 ²

226 1700 272 1756 vel
293 1716 326 1757 ex
346 1699 469 1757 evidenti
489 1716 575 1757 eausa
595 1701 691 1772 aliqua
712 1699 836 1772 speciali.
857 1699 933 1757 Scito
953 1699 1029 1757 iosu-
1133 1697 1135 1765 ζ

228 1813 288 1869 per,
309 1812 363 1869 quo
386 1797 430 1855 eet
451 1799 590 1870 asperim,
605 1797 750 1867 humilius,
765 1799 843 1856 carni
855 1796 1031 1865 horribilius,

227 1893 299 1966 quod
321 1893 373 1951 tibi
393 1894 540 1967 continget
561 1894 790 1953 obedientialiter
809 1896 925 1967 imponi,
946 1910 979 1952 eo
993 1894 1030 1951 ad

226 1991 320 2063 ipsum
341 1991 425 2049 debes
445 2009 505 2051 esse
526 1992 654 2065 paratior
674 2010 706 2051 ex
726 1994 835 2063 animo;
857 1984 1031 2051 obedientias
1131 2001 1135 2020 ⁴

227 2104 293 2147 vero
313 2088 484 2148 favorabiles
504 2090 588 2148 debes
616 2108 667 2163 pro
688 2091 796 2149 viribus
817 2090 958 2149 declinare
973 2090 1030 2165 (3).

227 2185 266 2244 Et
287 2186 339 2246 hoo
360 2189 404 2245 est
424 2188 546 2261 perfeeto
576 2188 696 2257 obedire,
717 2189 754 2247 ad
775 2189 849 2262 quod
877 2189 1031 2261 obligaris3

116 2278 117 2285 '
226 2284 279 2343 hoe
312 2286 386 2343 enim
421 2286 465 2344 est
499 2286 651 2346 obediendo
685 2286 815 2345 sanetum
849 2286 1030 2360 euangelium

227 2382 388 2442 observare.
409 2384 506 2457 sieque
526 2385 579 2443 tibi
601 2386 766 2459 prospicias,
780 2384 823 2455 ot,
838 2384 973 2459 quidquid
987 2384 1033 2443 fa·

293 2649 316 2709 1)
335 2648 383 2699 Cir.
410 2650 511 2710 Bonam,
537 2651 632 2710 Expoe.
658 2666 716 2711 sup.
742 2654 824 2712 requi.
849 2653 879 2699 Ρ.
902 2652 947 2708 M„
972 2666 994 2699 e.
1019 2652 1029 2697 1
1133 2653 1135 2656 '

229 2744 254 2777 n.
271 2731 285 2777 e
303 2732 328 2777 ee
344 2732 368 2777 e.
1133 2719 1135 2734 ²

290 2810 315 2869 2)
333 2811 353 2858 A
370 2814 394 2858 et
411 2811 429 2859 Ι(1
445 2812 556 2868 firmari.

293 2890 317 2949 8)
336 2888 385 2937 Cir.
403 2891 503 2951 Bonam,
522 2892 619 2951 Beyulo
635 2894 725 2951 novit,
741 2907 763 2941 e.
783 2893 852 2941 1411.
870 2894 893 2939 2.
