2284 3484
411 295 502 337 ssuuu
523 295 586 336 1111.
863 277 901 334 63

100 487 156 544 luit
168 487 268 560 affligi,
283 487 375 545 cerdis
388 489 432 545 sui
445 503 569 546 amoram
585 503 635 559 per
646 485 819 559 apertionem
833 485 901 543 late-

100 586 141 642 ris
161 585 255 644 voluit
273 584 482 656 demonstratum
503 585 567 642 inde
588 585 672 642 etiam
694 583 785 642 voluit
799 585 858 641 suis
872 585 902 641 in

99 682 252 740 remedium
267 700 397 741 emanare
412 684 599 742 sacramenta.
612 682 683 752 Quid
698 682 803 782 plura?
817 681 900 739 Suam

98 798 211 839 carnem
234 782 383 840 eonstituit
404 783 432 839 in
453 782 555 844 cibum.
578 798 659 838 suum
685 781 849 854 sanguinem
872 781 900 837 in

98 880 199 952 putum
219 880 250 937 et
270 897 299 937 se
327 882 418 952 ipsum
442 879 573 952 promisit
599 881 628 936 in
657 880 828 952 praemium
850 879 901 936 tua

98 977 252 1050 praecepta
262 976 396 1036 facientes
405 982 530 1036 matrem
538 976 704 1050 fratresque
716 977 834 1036 vocabat
846 976 900 1051 (1).

98 1075 218 1134 Demum
233 1092 289 1135 nun
304 1077 393 1135 sotum
408 1078 438 1134 in
453 1078 507 1144 via,
523 1076 572 1134 sed
587 1077 672 1134 etiam
687 1077 715 1133 in
731 1075 825 1148 patria
840 1091 902 1148 pro·

98 1174 242 1242 mittebat,
263 1175 336 1248 quod
356 1192 386 1231 se
406 1174 581 1248 succingeret
602 1175 691 1231 ateis
718 1175 754 1231 ad
775 1190 900 1231 mensam

98 1271 178 1328 tuam
200 1271 409 1329 comedentibus
431 1273 577 1330 transiens
597 1272 787 1332 ministraret.

97 1407 100 1411 -
178 1370 233 1427 His
254 1369 382 1428 omuibus
399 1371 514 1436 statiis
531 1387 602 1443 quae
616 1387 666 1428 uec
687 1371 743 1426 scio
757 1385 807 1426 nec
821 1369 900 1426 valeo

97 1483 242 1533 enarrare,
263 1469 385 1526 animam
406 1468 475 1524 mihi
496 1468 662 1539 deputatam
684 1467 783 1524 allexit
806 1468 899 1534 nimis,

96 1563 125 1621 et
145 1581 202 1622 neu
226 1566 315 1624 sulum
331 1566 438 1634 allexit,
454 1566 502 1623 sed
523 1566 607 1622 etiam
623 1565 701 1622 intus
722 1565 834 1622 intrans
848 1581 900 1622 sua

96 1663 188 1719 traxit
210 1663 317 1720 virtute
345 1664 373 1720 in
400 1664 523 1729 tantum,
552 1662 586 1720 ut
614 1662 665 1719 sibi
694 1664 733 1719 sic
757 1664 813 1719 iam
841 1664 900 1719 suis

96 1759 245 1817 blanditiis
265 1761 449 1829 coniunxerit,
470 1763 504 1818 ut
524 1761 557 1818 de
587 1779 629 1818 me
651 1777 706 1818 nou
732 1760 819 1826 curet,
852 1761 900 1818 sed

96 1859 193 1930 potius
214 1858 334 1931 affligat,
356 1859 476 1927 deiiciat,
498 1859 642 1917 conculcet
667 1859 696 1916 et
723 1859 757 1916 ad
779 1859 899 1916 nihilum

97 1956 212 2028 redigat
232 1957 270 2023 ut,
291 1957 363 2028 qued
392 1959 509 2029 gravius
534 1957 654 2025 videtur,
683 1957 751 2014 haee
771 1956 838 2019 mihi
860 1958 899 2013 in·

94 2053 220 2112 ferentes
240 2054 350 2126 diligat,
366 2071 416 2126 pru
439 2057 478 2112 eis
499 2056 653 2131 orationem
670 2055 817 2127 specialem
838 2054 899 2112 fun·

94 2152 145 2209 dat
166 2152 206 2223 et,
228 2153 251 2208 si
273 2169 328 2210 nou
349 2152 519 2221 inferuntur,
535 2153 633 2211 inferri
652 2153 780 2225 appetat.
802 2153 899 2225 sicque

95 2249 262 2318 mortificor,
282 2251 312 2308 et
332 2267 389 2308 nun
403 2251 501 2319 curat3
522 2253 551 2307 iu
564 2250 633 2309 limo
654 2252 736 2318 iaceo,
758 2251 786 2308 et
806 2252 899 2308 exsul-

94 2349 149 2406 tat.
179 2347 234 2404 Sed
260 2348 327 2420 quid
357 2347 480 2406 dolorem
511 2348 600 2407 dolori
631 2349 710 2405 addit
738 2349 775 2416 et,
796 2346 830 2405 ut
856 2349 899 2405 in-

94 2447 175 2502 tensa
207 2445 325 2515 doleam,
356 2447 456 2518 cupit?
488 2447 564 2504 Haec
591 2446 682 2519 gloria
708 2463 759 2504 sua
788 2446 899 2504 videtur

94 2543 165 2601 mihi
180 2560 263 2615 pesse
276 2543 379 2602 inferre
400 2545 541 2612 iniuriam,
556 2539 754 2602 coutumeliam
776 2545 804 2602 et
819 2545 899 2617 quid-

93 2641 161 2714 quid
184 2642 351 2699 vilissimum
382 2641 434 2699 aut
460 2643 660 2715 gravissimum
690 2643 784 2715 potest
814 2642 897 2701 credi.

2 2776 3 2819 5
93 2739 193 2812 sicque
226 2755 270 2796 mu
300 2738 456 2797 desolatam
478 2740 613 2798 afflictam
635 2740 757 2813 reliquit,
787 2742 898 2813 etipsa

94 2875 258 2882 —————-

158 2953 182 3010 l)
201 2951 290 2998 Matth.
311 2952 348 3010 12,
366 2952 409 3007 5ος
428 2950 535 3011 sequitur
552 2953 608 3000 Luc.
629 2954 665 3010 12,
686 2953 725 3000 37.
