2284 3484
410 242 500 286 enrnu
523 242 573 284 xn.
858 223 895 283 57

98 437 135 493 sit
154 438 182 493 in
198 438 306 509 paucis,
322 438 406 494 imme
420 438 501 509 quasi
515 438 545 493 in
560 436 649 493 nullis
659 435 757 520 ¹ualeat
771 435 897 507 reperiri.

98 535 185 602 Certe,
201 528 277 608 quia,
293 537 347 593 etsi
367 535 711 607 multiplicaturum,
726 551 785 591 non
798 536 840 592 est
854 533 897 590 ta·

99 650 159 691 men
179 633 370 706 muqaifteatu
385 634 499 691 laetitia
512 633 556 708 (1)
576 633 735 706 spiritualis
749 633 896 690 intensive.

175 731 294 800 Quaeso,
308 733 343 789 ut
362 731 431 790 mihi
445 732 531 801 dicas,
545 733 609 805 quie
631 732 675 789 est
695 731 752 798 ille,
767 731 814 803 qui
829 729 899 786 velit

97 829 198 887 habere
210 830 376 902 praelatum·
384 829 419 887 ad
434 830 683 902 praeripiendum?
696 845 788 887 noune
805 829 899 900 petius

97 928 132 985 ad
152 928 352 986 seruiendum?
379 929 442 986 Iam
470 913 602 988 nolumus
631 929 822 1000 praelatorum
850 943 900 984 re-

97 1027 257 1085 luntatibus
277 1028 432 1097 assentire3
455 1027 503 1085 sed
525 1029 666 1098 velumus,
687 1028 721 1084 ut
737 1025 900 1085 uoluntates
958 1091 960 1096 ,

99 1125 213 1184 nostras
243 1126 363 1184 debeant
393 1127 422 1184 in
454 1127 584 1184 omnibus
612 1126 774 1198 adimplere.
806 1123 900 1190 Etsi

99 1223 208 1282 deesset
228 1225 343 1297 aliquid,
359 1227 415 1282 iam
430 1226 496 1298 pius
510 1226 543 1283 de
563 1227 635 1297 ipsis
649 1242 733 1298 qnam
748 1223 852 1282 demini
866 1221 900 1278 de

99 1323 241 1380 scutiferis
252 1341 476 1394 murmuramus3
488 1326 528 1382 eis
537 1325 634 1397 gladie
644 1324 758 1396 linguae
769 1342 824 1384 nen
838 1343 900 1398 par-

100 1421 198 1488 eimnn,
217 1421 255 1488 et,
270 1421 343 1494 qnod
364 1424 443 1494 peius
464 1422 516 1491 est,
538 1422 612 1495 qued
633 1423 713 1482 nobis
733 1425 805 1481 alias
826 1426 919 1494 esset¹

97 1520 214 1590 gratum
237 1518 271 1576 fit
290 1519 371 1578 nobie
390 1519 441 1578 hec
468 1522 539 1592 ipse,
561 1520 673 1594 quoda
700 1523 837 1593 praelatis
858 1524 902 1582 est

97 1616 273 1688 impositum,
302 1617 437 1676 edieeum.
464 1618 527 1676 Iam
558 1635 615 1676 nen
644 1620 809 1692 cogitamur,
837 1639 902 1695 que-

99 1714 182 1773 mede
205 1715 345 1785 pessimus
366 1733 461 1774 eornm
483 1718 660 1775 veluntatem
682 1719 792 1789 plenius
813 1721 903 1778 adim-

97 1812 177 1884 plere
197 1828 231 1870 ae
251 1813 379 1871 uestram
394 1814 571 1873 voluntatem
587 1815 738 1886 perfectius
752 1817 901 1890 abnegare,

98 1909 147 1968 ned
169 1910 308 1982 quomedo
337 1911 477 1982 possimus
497 1914 537 1969 eie
563 1914 594 1970 in
615 1913 743 1971 omnibus
771 1915 902 1974 resistere

98 2007 128 2066 et
147 2024 197 2066 ens
217 2008 254 2065 ad
275 2008 430 2066 faciendum
445 2011 518 2082 qued
539 2012 668 2082 cupimus
689 2013 832 2071 coarctare
852 2015 904 2072 aut

97 2106 134 2163 ad
157 2106 333 2164 renuendum
354 2108 427 2180 quud
448 2109 602 2181 iniungant
623 2110 704 2168 nobis
724 2127 776 2169 nes
793 2129 904 2171 excusa·

98 2205 177 2263 tiene
190 2205 289 2277 aliqua
310 2205 444 2276 palliare3
459 2205 511 2264 aut
524 2207 676 2280 diligenter
690 2210 904 2283 investigamus,

98 2303 239 2376 quomedo
260 2319 317 2360 nen
338 2304 484 2362 teneamur
502 2305 556 2362 sibi
577 2308 606 2364 in
621 2306 673 2366 hoe
687 2309 732 2365 vel
745 2309 775 2366 in
789 2309 838 2368 ille
853 2311 906 2366 ali-

98 2400 244 2473 quatenus
264 2401 384 2460 obedire.
405 2402 457 2460 Sed
477 2403 548 2462 heu!
576 2405 723 2464 luciferum
751 2407 904 2477 imitamur,

99 2501 149 2572 qui
171 2517 303 2573 praeesse
323 2501 414 2558 veluit
435 2503 529 2573 petius
557 2520 642 2576 quam
663 2505 790 2576 subesse3
813 2507 905 2577 timeo,

98 2615 136 2656 ne
158 2615 254 2657 seeum
275 2598 469 2658 habitaculum
490 2601 653 2659 habeamus,

100 2789 265 2796 m

168 2911 191 2972 1)
209 2909 266 2958 nai.
284 2911 309 2970 e,
327 2911 350 2957 e.
