2284 3484
241 325 1041 412 W

516 949 635 1049 pepo
661 947 758 1050 bb·

309 1179 432 1256 Qualiter
452 1180 531 1242 homo
551 1178 661 1240 ordinet
680 1178 861 1257 cogitationes
881 1196 956 1238 suus.

314 1395 337 1454 0
358 1397 450 1464 homo,
472 1397 515 1453 vis
536 1410 711 1468 cognoscere,
732 1393 868 1466 quomodo
888 1391 970 1450 tuum
996 1392 1037 1448 di

235 1497 313 1568 riges
334 1494 511 1568 cogitatum?
531 1495 646 1565 Semper
666 1492 749 1550 debes
770 1490 903 1563 cogitare,
925 1492 954 1548 te
974 1505 1036 1547 esse

233 1593 262 1650 in
283 1592 435 1665 conspectu
456 1591 506 1649 Dei
539 1591 591 1659 tui,
616 1591 646 1648 et
671 1591 764 1661 ipsum
792 1605 902 1660 semper
928 1590 957 1644 in
986 1589 1036 1646 tuo
1129 1610 1131 1673 p

232 1689 338 1748 habeas
366 1690 501 1763 cogitatu.
523 1689 612 1760 Super
634 1687 777 1745 Christum
804 1687 899 1743 autem
928 1701 990 1772 prov
1006 1686 1036 1743 te
1129 1704 1130 1721 ¹

232 1789 399 1860 gravissime
420 1786 601 1845 vulneratum
622 1786 703 1858 quasi
735 1800 845 1856 semper
865 1784 973 1856 diriges
993 1797 1036 1842 co·

232 1885 355 1957 gitutum
377 1886 414 1954 et,
437 1885 510 1957 quod
531 1885 591 1956 ipse
613 1884 652 1940 sit
672 1882 748 1942 Deus
769 1882 845 1951 tuus,
867 1882 915 1954 qui
933 1897 985 1953 pro
1005 1881 1035 1938 te

233 1982 303 2040 talia
319 1999 420 2056 passus
436 1984 487 2052 cst,
502 1982 649 2056 cogitabis
664 1982 751 2053 Saepe
765 1981 860 2038 eutem
875 1981 911 2038 sd
926 1979 1035 2037 Christi

232 2079 360 2149 matrem,
376 2097 447 2153 quac
469 2081 512 2138 est
534 2082 699 2138 miserorum
714 2080 857 2152 solatium,
872 2070 1036 2137 reverenter

232 2177 380 2235 festinabis
401 2177 438 2246 et,
460 2178 688 2250 quotiescumque
709 2177 745 2234 ed
774 2179 866 2249 ipsam
894 2177 975 2234 tuum
995 2176 1035 2232 di·
1129 2218 1130 2221 η

231 2277 337 2333 rexeris
357 2275 521 2349 cogitatum,
543 2277 635 2347 ipsam
656 2275 749 2348 cogita
771 2276 890 2332 matrem
911 2275 972 2332 Dei.
1129 2328 1130 2333 ,

311 2373 349 2430 Et
370 2375 417 2442 sic,
437 2389 610 2444 quocumque
631 2372 738 2445 dirigas
759 2373 923 2445 cogitatum,
943 2373 1034 2430 Deum
1129 2380 1130 2385 ’

231 2470 311 2528 tuum
327 2471 432 2528 hebens
447 2485 557 2542 sempor
568 2472 598 2527 in
609 2471 705 2539 cords3
722 2473 762 2529 sic
775 2473 804 2528 et
818 2487 929 2544 semper
939 2487 1034 2529 coram

229 2569 292 2639 ipso
320 2567 443 2626 existens
474 2585 609 2640 suamque
637 2569 782 2626 admirans
809 2569 1034 2642 magnitudinem

230 2666 259 2721 et
279 2664 357 2721 tuam
380 2667 520 2723 miseriam
537 2681 746 2739 recognoscens
761 2668 899 2739 quantum
915 2667 1032 2738 poteris,

229 2763 338 2819 rosilies
357 2763 387 2819 in
408 2763 436 2820 tc
450 2764 551 2834 ipsum.
567 2764 712 2822 admirans
730 2781 786 2822 non
800 2764 949 2836 modicum,
964 2781 1034 2837 quo·

228 2858 310 2916 modo
322 2858 458 2932 dignatur
472 2860 531 2918 tam
545 2878 605 2920 rem
616 2861 749 2921 foetidam
763 2877 855 2920 coram
872 2862 931 2920 suis
945 2861 1034 2920 oculis
