2284 3484
241 237 297 298 176
379 254 523 317 sirmeum
544 252 682 296 rensuum
701 252 756 294 ruo
775 251 904 293 nurnero.

242 358 399 367 .-———-

236 448 305 505 lium
327 447 356 504 el
375 446 512 505 librorum
532 445 562 503 el
585 462 681 504 eorum
705 444 860 511 mobilium,
880 460 953 516 quae
966 442 1042 501 lieet

236 544 347 613 babere,
368 545 436 604 erdo
450 560 533 602 usum
546 543 660 601 habeat.
678 542 737 602 Nee
758 542 840 600 vendi
860 541 963 599 debent
984 558 1042 599 me

193 632 195 636 ’
236 643 303 701 bilia
334 644 378 700 vel
406 642 487 700 exlra
507 642 632 701 ordinem
652 640 819 699 commutari
840 640 892 698 sut
918 640 1040 698 alienari

236 758 345 817 quoqne
357 742 446 810 mode,
458 742 513 799 uisi
524 742 654 799 ecelesiae
668 756 801 798 romanae
814 739 975 807 cardinalis,
989 740 1040 811 qui

237 857 287 913 pre
309 839 540 912 temporaneis
567 838 674 897 ordinis
701 838 883 912 gubernator,
910 838 1038 911 generali

236 956 285 996 sen
313 938 533 1010 provincialibus
560 938 699 995 ministris
726 936 927 996 austeritatem
951 952 1039 1008 super

234 1037 286 1095 hec
315 1036 477 1110 praebuerit
505 1037 549 1093 vel
577 1052 726 1093 assensum
739 1059 768 1093 ».
800 1035 843 1092 Ex
873 1035 919 1092 bis
946 1034 1038 1106 palei,

236 1135 379 1193 mobilium
401 1133 563 1193 huiusmodi
583 1134 745 1202 dominium,
766 1133 868 1207 quibus
888 1132 956 1192 erdo
981 1132 1039 1189 nli-

234 1233 291 1301 lur,
312 1250 330 1291 a
350 1232 497 1289 datoribus
517 1232 644 1304 ipsorum
667 1232 710 1288 rel
732 1232 875 1303 pecunias,
895 1248 952 1303 qua
968 1231 1039 1287 sunl

233 1330 338 1403 empta,
360 1330 510 1387 transferri
530 1328 560 1386 el
580 1330 654 1387 omni
680 1329 762 1387 mode
787 1328 823 1386 ad
848 1328 941 1386 sedem
967 1345 1037 1400 ape·

234 1429 363 1488 slelieam
383 1428 533 1500 pertinere.

267 1590 276 1615 ·
314 1527 397 1594 Item,
418 1526 451 1583 de
478 1542 531 1583 usn
557 1527 691 1598 pecuniae
711 1526 780 1583 dieii
804 1524 876 1583 idem
890 1522 952 1599 (1):
979 1525 1038 1581 «Si

233 1640 292 1681 rem
308 1624 361 1681 sibi
375 1625 561 1681 neeessariam
584 1623 673 1682 velinl
693 1622 799 1681 fratres
820 1638 910 1680 emere
931 1622 976 1680 vel
994 1640 1037 1681 se·
1131 1702 1133 1710 Ι

233 1723 369 1781 lutionem
390 1722 480 1780 faeere
501 1738 552 1794 pro
572 1722 629 1779 iam
650 1721 735 1790 emta,
759 1720 880 1794 possunt
901 1721 944 1779 vel
966 1738 1037 1779 nnn·

233 1820 303 1878 lium
325 1822 507 1894 elusaque
530 1836 575 1877 res
596 1820 708 1887 emilur‚
730 1819 775 1877 vel
800 1819 922 1892 aliquem
947 1819 1036 1877 aliurn

233 1918 393 1977 volentibus
418 1918 472 1975 sibi
496 1918 699 1991 eleemosynam
728 1915 818 1974 facem
843 1917 1035 1989 praesentare,

232 2018 280 2089 qui
294 2017 391 2074 taliter
412 2016 612 2089 praesenlalus
626 2033 643 2074 a
658 2015 795 2073 fratribus
809 2032 866 2073 nen
880 2015 1035 2075 esseorum

148 2135 152 2146 f
232 2114 359 2188 nuntius,
380 2115 446 2172 licei
467 2115 665 2186 praesenletnr
678 2113 715 2170 ab
729 2093 815 2185 ipsis,⁴
830 2113 878 2173 sed
893 2114 971 2171 illins
986 2130 1036 2186 pa·

233 2210 300 2276 lius,
328 2212 407 2268 cuius
435 2211 569 2271 mandato
597 2210 764 2270 solulienem
792 2210 861 2269 facil
888 2228 937 2268 sen
966 2214 1036 2270 reei-

232 2308 336 2379 pienlls
356 2310 481 2367 eandem.
502 2311 530 2367 Si
556 2327 622 2368 vere
651 2325 702 2382 pre
729 2310 794 2367 allis
821 2309 1036 2367 immineniibus

231 2406 447 2465 necessitatibus
462 2408 668 2480 praesentetur,
680 2409 884 2481 eleemesynam
898 2408 952 2465 sibi
963 2425 1036 2467 eem-

232 2504 347 2561 missam
369 2506 463 2577 peiesl
484 2507 557 2564 sicul
577 2507 706 2565 deminus
726 2506 803 2579 apud
824 2506 974 2579 specialem
989 2508 1035 2565 vel

231 2600 398 2661 familiarem
420 2605 538 2663 amisum
562 2604 683 2663 fratrum
704 2605 843 2678 deponere
864 2621 914 2677 per
929 2607 1034 2678 ipsum,
1129 2621 1130 2626 ¹

234 2748 391 2755 ———-.

295 2832 318 2891 1)
341 2832 396 2879 Seii.
422 2834 519 2891 Greger.
544 2835 591 2893 IX,
617 2835 720 2882 Constit.
748 2836 799 2891 Quo
824 2836 953 2894 elenpals‘5
979 2834 1034 2882 vide

231 2914 331 2973 Bonan,
348 2914 456 2973 Apolop.
469 2930 562 2974 paup„
579 2930 601 2962 c.
622 2916 647 2961 ll
666 2930 690 2962 n.
710 2916 748 2963 13.
