2284 3484
233 250 291 312 156
373 262 524 335 emarcum
537 267 675 313 enarrare
695 269 749 314 rao
768 266 896 313 nicaeno.

116 522 124 537 ,
232 477 320 519 nuum
343 479 457 520 suarum
479 462 530 520 aut
544 461 638 522 fructu
659 463 790 523 arborum
808 463 987 528 victitabant,
1000 464 1037 521 ut

234 560 341 618 Paulus
365 563 471 633 primus
493 563 619 619 eremita.
644 562 686 619 De
713 565 811 620 sancto
837 564 922 620 etiam
950 562 1035 620 Isaac

232 658 319 717 refert
342 661 458 717 sanctus
484 658 636 736 Gregorius
657 661 741 719 tertio
763 660 960 733 Diologoram
977 659 1033 735 (1),

232 757 313 829 quod,
325 774 388 815 cum
399 759 423 815 ei
435 759 548 830 plurimi
565 762 754 831 possessiones
764 758 896 817 offerrent
911 774 963 831 pro
977 775 1033 816 mo-

232 856 355 914 nasterio
383 857 581 924 construendo,
602 858 650 915 ille
671 858 765 915 omnia
792 873 928 928 respuens
953 856 1033 914 ‹lor-

232 953 289 1010 tem
316 954 431 1011 tenebat
462 956 632 1013 sententiam
656 956 765 1013 Domini
796 954 905 1013 dicens:
937 972 1032 1013 mona-

233 1051 312 1117 chus,
334 1055 380 1125 qui
402 1054 429 1109 in
459 1054 537 1111 terra
569 1056 771 1125 possessionem
793 1055 914 1125 quaerit,
935 1070 1030 1111 mona-

231 1149 300 1207 chus
321 1167 376 1208 non
398 1152 483 1208 est».
506 1151 544 1209 Et
577 1169 661 1224 super
692 1152 763 1209 illud
793 1152 884 1209 Lucae
912 1151 952 1208 22
969 1152 1030 1225 (2):

231 1249 330 1319 Naoc,
349 1250 401 1321 qui
421 1249 508 1307 babet
527 1250 675 1309 sacculum
697 1250 783 1308 tollat
795 1250 932 1308 simililer
945 1253 974 1306 et
981 1266 1031 1322 pe·

231 1362 306 1418 ram,
321 1346 388 1403 dicit
401 1348 497 1419 glossa
514 1348 575 1421 (3):
601 1370 616 1399 ι
627 1347 663 1405 In
684 1348 736 1406 hoc
749 1348 835 1405 datur
848 1347 929 1405 nobis
943 1364 1031 1404 exem·

233 1444 320 1515 plum,
342 1444 375 1501 ut
395 1460 607 1517 nonnunquam,
630 1462 716 1503 causa
736 1444 872 1512 instante,
892 1445 1030 1517 quaedam

231 1541 265 1597 de
287 1542 425 1614 propositi
456 1544 548 1602 nostri
580 1545 673 1616 rigore
704 1545 764 1601 sine
784 1544 868 1616 culpa
890 1544 1032 1615 possimus

231 1638 429 1708 intermittere,
452 1640 528 1697 verbi
550 1642 656 1713 gratia,
679 1642 701 1698 si
724 1658 774 1713 per
788 1640 977 1712 inhospitales
991 1658 1032 1698 re

229 1737 326 1805 giones
346 1737 401 1795 iter
422 1739 543 1811 agimus
566 1740 649 1811 plura
670 1740 764 1796 viatici
786 1755 871 1796 causa
885 1738 952 1795 licet
968 1756 1030 1811 por·
1138 1749 1139 1776 l

230 1834 297 1901 teri,
320 1852 409 1907 quam
436 1836 510 1895 domi
541 1838 694 1895 habeamus
708 1861 738 1894 ι.
771 1836 848 1894 Haec
874 1837 981 1908 glossa.
1007 1836 1032 1894 0

229 1948 313 2004 quarn
336 1950 425 2004 pauca
443 1932 567 1992 habebat
588 1935 660 1994 domi
679 1937 727 2008 qui
748 1936 832 2007 plura
853 1952 946 1992 secum
969 1952 1031 2007 por-

229 2031 291 2087 tare
312 2031 406 2102 potuit
426 2048 511 2090 eausa
533 2034 643 2091 viatici!

308 2127 399 2185 Istam
414 2130 498 2187 etlam
514 2130 604 2188 vitam
616 2131 707 2188 sancti
725 2131 766 2188 illi
782 2130 945 2198 tenuerunt,
958 2146 1030 2203 quos
1138 2127 1139 2130 ’

229 2226 345 2283 sanctus
359 2227 471 2286 Marcus
492 2229 620 2286 instituit
634 2230 662 2285 in
677 2229 858 2295 Alexandria,
873 2228 907 2285 de
924 2229 1029 2301 quibus

227 2324 333 2395 legitur
353 2323 386 2382 II
406 2324 633 2385 Ecclesiasticae
653 2327 795 2385 historiae·
806 2326 861 2399 (4),
882 2326 955 2398 quod
977 2344 1030 2385 sua

227 2422 418 2495 indigentibus
440 2424 529 2495 primo
544 2424 710 2492 diviserunt,
731 2428 764 2482 ut
785 2424 906 2497 expediti
926 2424 1030 2483 fierent

227 2522 262 2579 ad
277 2521 495 2592 praedicandum
510 2523 627 2580 verbum
642 2524 703 2581 Dei.
717 2524 812 2596 Longe
826 2523 921 2581 autem
936 2525 1027 2583 maior

292 2690 315 2748 1)
334 2688 359 2736 C.
379 2689 407 2736 14
425 2688 523 2747 (iligna,
541 2690 567 2736 P.
587 2690 613 2736 L.
632 2692 670 2748 lv,
688 2691 755 2750 245).
821 2744 823 2749 ¹
896 2689 1026 2748 211136.

289 2768 313 2828 8)
333 2768 481 2825 Ordiaario,
498 2783 527 2815 ex
544 2770 615 2828 Beda,
633 2770 658 2816 in
675 2760 730 2817 Luc.
750 2771 789 2828 22,
808 2771 838 2817 36
855 2769 909 2829 (cfr.
924 2771 1026 2829 Bonav.‚

228 2848 320 2907 Expos.
338 2850 401 2907 carp,
412 2850 492 2907 regul.
510 2850 540 2895 F.
559 2850 605 2906 M,
622 2865 643 2897 c.
660 2850 675 2896 4
691 2864 716 2896 n.
738 2851 785 2907 lbl.

241 2925 500 2986 =4)c.1coa1v.
644 2914 646 2920 '
