2284 3484
270 243 310 301 20
533 262 676 304 summus
696 263 812 303 nouis.

269 450 488 508 consolationem
503 451 638 510 dehemus
656 452 760 524 eligere
772 453 804 508 in
823 451 975 522 praesenti,
989 466 1074 522 posse

271 564 383 619 semper
401 549 432 605 et
451 549 568 606 nostns
594 549 625 605 et
645 551 835 620 proximorum
855 549 997 620 nequitias
1025 548 1074 605 de-

272 645 394 716 plorare.
415 645 454 702 Et
474 647 536 718 ipse
563 646 785 719 benignissimus
804 646 941 703 Dominus
959 647 1073 703 animae

270 745 310 800 sic
330 743 453 801 fideliter
473 747 503 801 in
529 745 721 801 amaritudine
739 745 871 801 existenti
893 742 959 814 post
979 743 1075 816 lacry-

270 841 422 899 mationem
449 843 478 898 et
498 843 597 900 fletum
623 843 842 900 exsultationem
861 840 1000 898 infundet
1026 840 1072 908 nt,

270 939 344 995 sicut
370 955 445 1011 aqua
472 942 502 998 in
531 943 589 998 uite
619 940 780 1012 putrefacta
806 939 876 995 solis
901 938 994 995 oelore
1026 937 1073 994 de-

269 1041 349 1094 cocta
368 1037 398 1093 in
420 1039 518 1095 uinum
531 1039 717 1104 conuertitur,
730 1039 771 1094 sio
784 1039 815 1093 in
832 1035 958 1108 melecta
970 1035 1071 1094 contri·

269 1135 346 1192 tione
366 1135 506 1208 lacrymae
521 1135 630 1193 fervore
643 1135 774 1192 multatis
786 1135 916 1192 decoctae
928 1135 957 1190 in
974 1134 1071 1190 uiuum

268 1231 396 1290 laetitiae
422 1232 636 1290 convertuntur.
664 1232 725 1289 Nec
751 1233 825 1290 enim
852 1231 933 1289 decet
957 1229 1071 1287 tantm

271 1329 421 1388 Dominum
435 1345 498 1388 cum
514 1329 574 1387 tam
594 1331 681 1387 nobili
695 1331 768 1388 dono
781 1333 811 1387 in
824 1331 920 1387 anima
932 1326 1071 1394 habitare,
1132 1390 1134 1409 ζ

270 1427 324 1482 nisi
345 1427 436 1498 ipsam
458 1427 672 1484 mundissimam
694 1427 834 1485 inuenerit
856 1427 886 1484 ot
905 1443 969 1484 cnm
996 1426 1072 1485 omni
1132 1416 1133 1427 ¹

268 1523 416 1595 diligentie
435 1523 569 1597 lacrymis
589 1526 740 1597 expiatam.
1132 1600 1133 1605 η

348 1621 503 1679 Secundum
531 1625 585 1688 est,
613 1627 647 1679 ut
674 1623 785 1691 nitaris,
814 1623 951 1694 quantum
980 1621 1072 1692 potes,
1132 1683 1134 1709 Ι

270 1717 377 1775 christi
397 1721 519 1792 compati
541 1721 668 1792 passioni
681 1720 711 1777 et
722 1721 826 1792 ubique
838 1737 900 1777 eam
914 1719 1005 1776 tecum
1020 1720 1072 1776 cir·

267 1815 405 1874 conferre
425 1819 454 1874 in
473 1818 564 1876 corde.
579 1819 644 1876 Nisi
656 1821 682 1877 ei
696 1819 891 1890 compatiendo
910 1817 1073 1876 noverimus

269 1913 331 1984 pati
358 1929 460 1982 secum,
482 1933 575 1973 secum
596 1934 653 1974 nou
681 1918 838 1988 poterimus
857 1915 1014 1975 iucundam.
1041 1915 1072 1972 Si

268 2011 342 2067 enim
365 2010 433 2070 bene
455 2014 613 2083 passionem
638 2031 719 2071 snam
747 2015 835 2071 fueris
861 2014 1014 2071 meditatus
1040 2015 1072 2070 et

267 2109 389 2166 multum
411 2109 564 2167 intraveris
585 2111 663 2169 latus
682 2113 752 2178 eius,
773 2112 830 2168 cito
851 2112 945 2168 uenies
964 2111 1002 2167 ad
1021 2127 1070 2168 cor

267 2207 337 2264 eius.
358 2204 382 2264 0
402 2203 468 2262 felix
488 2211 551 2264 cor!
574 2209 647 2280 quod
667 2210 708 2265 sic
727 2207 803 2266 cordi
823 2207 928 2265 chtisti
949 2206 1071 2266 dulciter

266 2303 428 2375 colligatur,
450 2305 529 2362 cuius
551 2305 634 2362 loeva
653 2307 708 2363 sod
730 2306 915 2377 copiosius,
935 2308 964 2361 et
986 2321 1071 2377 quem

267 2399 384 2458 &utera
416 2401 499 2460 illios
530 2403 716 2474 amplexator
730 2401 787 2477 (1),
808 2404 884 2461 recte
910 2403 979 2460 tunc
1005 2419 1070 2460 cum

267 2513 370 2569 sponso
385 2513 490 2570 sponsa
504 2502 532 2557 in
547 2501 704 2558 cubiculum
719 2502 883 2560 collocatur.
899 2501 962 2571 Sed,
978 2517 993 2558 o
1008 2501 1071 2558 bea·

267 2595 327 2651 tum
344 2612 399 2665 oon,
416 2596 492 2664 mihi,
507 2613 619 2669 quaeso,
634 2615 721 2655 narra
739 2599 921 2667 dulcedinem,
937 2614 1020 2670 quam
1035 2598 1070 2655 tu
1130 2646 1131 2651 ,

268 2692 373 2762 sentis;
395 2693 496 2765 quibus
523 2695 617 2753 affluis
638 2695 753 2778 deliciis,
773 2712 831 2754 non
851 2696 984 2754 occultes.
1006 2695 1069 2766 Sed,

270 2827 427 2836 ——-.-.

332 2904 354 2964 l]
372 2903 442 2952 Cant.
460 2905 484 2962 2,
502 2906 528 2959 63
546 2905 600 2952 dein
617 2905 732 2952 alluditur
748 2907 779 2953 ud
794 2920 815 2952 o.
834 2907 858 2965 3,
870 2906 895 2953 4.
