2284 3484
410 277 501 325 caeno
521 277 582 324 mi.
858 258 896 323 85

101 473 181 532 boras
201 472 304 531 habere
325 472 354 530 et
374 472 454 531 modo
475 472 508 530 de
522 487 595 531 novo
616 471 717 544 incipis
737 469 897 545 degustare,

100 573 137 629 sit
155 573 210 629 iam
231 573 260 628 in
279 572 344 629 aliis
357 570 546 629 inveteratum
561 570 591 628 et
605 569 717 628 fortiter
732 569 898 627 radicatum.

99 671 136 728 Et
155 671 276 729 fortasse
297 672 354 728 ista
375 670 419 728 est
439 687 497 728 una
523 669 606 738 ratio,
629 686 716 742 quare
744 669 799 741 ipsi
826 668 899 726 sicut

99 771 130 826 tu
150 770 273 828 exterius
293 768 367 827 affici
388 769 462 826 circa
486 768 560 826 tona
580 767 742 841 spiritualia
773 782 829 825 non
857 767 900 823 vi-

98 867 210 935 dentur,
230 868 297 940 quia
310 866 426 925 dulcedo
440 865 600 941 spiritualis
614 865 647 924 de
661 881 733 924 novo
747 865 899 922 adveniens

99 966 282 1026 mutationem
302 966 426 1035 indncit3
448 964 574 1023 sednon
603 966 652 1032 sic,
674 965 707 1022 ut
731 963 821 1033 credo,
843 964 896 1020 iam

99 1065 188 1134 illum,
208 1066 257 1137 qni
277 1064 324 1123 din
345 1065 389 1122 est
409 1063 547 1131 mutatus,
569 1063 702 1122 immutat
723 1063 828 1130 taliter,
851 1060 898 1118 sed

100 1163 209 1235 perficit
235 1164 265 1220 et
291 1162 450 1222 conservat.
471 1162 519 1230 Et,
539 1161 652 1234 qnando
673 1161 759 1228 vides,
785 1161 813 1217 te
834 1176 899 1233 quo·

97 1260 244 1319 mmmodo
263 1259 400 1334 liquefieri
429 1277 497 1333 prae
524 1275 628 1327 amore,
650 1260 721 1317 alios
750 1274 816 1317 vero
848 1258 900 1315 mi·

98 1361 180 1428 nime,
203 1359 328 1432 cogitare
348 1359 441 1427 debes,
456 1358 530 1430 qnod
544 1357 580 1414 ad
596 1358 716 1415 calorem
739 1357 807 1414 solis
821 1355 899 1413 iusti-

97 1457 153 1515 tiae
173 1456 210 1514 ad
232 1457 444 1515 similitudinem
472 1456 540 1514 solis
568 1455 725 1512 materialis
750 1455 837 1527 aliqui
865 1454 900 1510 li-

97 1555 227 1629 quefiunt
246 1572 313 1628 prae
327 1556 431 1614 amoris
445 1555 554 1612 fervore
568 1554 645 1622 adeo,
661 1553 694 1610 nt
708 1569 760 1611 sna
775 1551 899 1610 membra

96 1656 143 1711 vix
163 1653 279 1712 valeant
293 1654 343 1711 ent
357 1668 413 1711 non
429 1653 544 1710 valeant
557 1652 714 1720 sustineam
731 1651 818 1723 aliqui
834 1665 900 1708 vero

95 1752 274 1810 desiccantur
293 1767 350 1810 non
365 1751 454 1810 solnm
475 1750 513 1807 ab
532 1749 692 1822 aquositate
714 1747 829 1821 peccati,
852 1747 899 1806 sed

96 1852 181 1908 etiam
203 1849 241 1906 ab
268 1848 437 1908 humiditate
464 1848 645 1920 reliquiarum
677 1846 791 1920 peccati,
814 1845 843 1903 et
871 1848 899 1903 im

96 1949 169 2006 bono
197 1945 408 2006 consolidantur
435 1947 464 2004 et
496 1945 686 2004 iustificantur
713 1945 813 2002 contra
840 1961 901 2001 ma·
957 1927 958 1930 ¹

95 2046 166 2111 lum,
186 2045 230 2102 ita
249 2045 283 2102 nt
303 2045 374 2102 nihil
395 2062 412 2102 a
436 2044 556 2101 caritate
585 2043 636 2100 Dei
664 2058 710 2101 eos
731 2041 827 2099 valeat
857 2057 901 2099 se-

96 2160 217 2216 parare;
238 2142 326 2216 aliqui
356 2158 422 2201 vero
451 2141 646 2200 maturescunt
673 2141 723 2209 ita,
744 2139 818 2213 quod
847 2139 900 2198 sibi

95 2243 157 2302 tam
177 2243 299 2300 interius
318 2257 401 2314 qnam
424 2241 546 2299 exterius
567 2240 721 2297 dulcissimi
740 2238 899 2306 videantur,

95 2342 125 2400 et
144 2340 254 2400 abolita
274 2341 349 2398 omni
370 2339 474 2397 mentis
494 2338 657 2405 acerbitate,
678 2338 733 2394 iam
755 2336 850 2409 potius
870 2337 897 2392 iu

95 2441 203 2512 patria,
224 2455 309 2511 quam
336 2438 363 2495 in
385 2439 432 2494 uia
459 2436 588 2494 habitare
614 2435 783 2503 cernantur3
811 2433 898 2506 aliqui

6 2532 7 2563 ³
94 2554 163 2596 vero
184 2536 315 2595 crescunt
328 2536 365 2593 ad
379 2534 491 2594 modum
511 2534 644 2592 arborum
659 2533 697 2601 et,
716 2533 845 2606 quamvis
859 2532 899 2589 sic

95 2636 171 2694 tales
191 2634 352 2692 dulcedines
372 2650 428 2692 non
450 2632 611 2706 degustent,
633 2631 789 2688 crescentes
804 2629 898 2687 tamen

94 2734 129 2792 de
150 2734 195 2792 die
215 2735 245 2791 in
266 2733 338 2790 diem
353 2731 428 2790 fiunt
444 2731 520 2803 apud
541 2731 632 2787 Deum
654 2730 788 2798 maiores3
811 2728 899 2800 aliqui

95 2849 163 2892 uero
185 2831 345 2906 putrefiunt
366 2831 399 2888 nt
419 2829 496 2887 mali.
516 2828 585 2886 Cum
604 2843 670 2901 ergo
692 2828 813 2900 aliquem
834 2826 899 2884 isto-

6 2978 7 3015 }
95 2949 160 2990 rum
188 2929 338 2989 effectuum
358 2930 388 2986 in
409 2929 437 2984 te
463 2927 560 2995 sentis,
581 2925 665 2984 debes
685 2926 805 2994 credere,
826 2922 899 2996 quod
