2284 3484
235 243 292 301 172
373 260 515 302 crrrmurr
536 260 673 302 usmarus
696 260 750 301 uno
769 258 896 301 nmacro.

234 452 313 508 retur
326 450 402 523 apud
416 451 445 509 te
459 452 585 523 pecunia,
597 452 640 508 nti
654 451 716 519 tibi,
730 452 755 507 si
769 451 853 517 voles
868 450 1033 521 permisero,

235 549 370 607 traditam
383 548 428 623 (1)
443 567 499 608 non
521 567 582 607 esso
596 551 662 607 ante
677 567 761 622 quam
776 551 815 606 sit
828 548 906 606 mota
917 569 950 616 »3
965 563 1033 620 ergo

234 648 329 705 eadem
351 648 502 707 rationein
518 649 672 721 proposito,
688 650 711 705 si
725 648 793 705 dare
813 647 865 703 tibi
885 647 1032 719 pecuniam

233 746 390 818 decrevero,
411 748 435 803 si
457 748 536 816 velis,
557 764 613 806 non
634 746 805 818 intelligitur
832 745 901 801 deta
920 761 982 802 esse
1003 744 1031 799 in

233 842 342 911 effectu,
363 844 449 901 denec
470 846 509 901 sit
529 846 610 903 medo
630 843 707 901 licito
728 844 884 901 intentione
898 842 1033 900 donantis

234 958 285 1013 pro
315 940 437 999 fratrum
465 943 685 1000 necessitatibus
716 941 903 1009 commutata3
925 939 1032 997 fratres

233 1040 322 1111 igitur
342 1040 382 1097 sic
402 1041 517 1097 missam
539 1056 595 1099 non
616 1041 757 1113 recipiunt
786 1041 932 1112 pecuniam
955 1037 1034 1095 velut

234 1139 437 1209 possessionem
459 1155 508 1211 per
530 1156 559 1197 sa
580 1140 625 1196 vel
646 1155 696 1211 per
716 1121 913 1210 interpositam
936 1152 1034 1209 perso·

233 1253 316 1307 nam;
338 1254 388 1295 nec
409 1237 504 1305 etiam,
526 1239 550 1294 si
572 1239 708 1309 ipsorum,
729 1237 802 1309 qaod
833 1236 918 1300 absit,
940 1236 1032 1293 custo·

233 1335 295 1392 diae
317 1337 447 1408 propriae
469 1337 656 1408 mancipetur,
678 1337 702 1393 si
734 1352 789 1393 non
820 1334 964 1391 intendat.
980 1333 1034 1390 sibi
1129 1389 1130 1410 ,

233 1434 277 1489 ius
298 1435 450 1505 acquirere,
472 1451 522 1492 nec
543 1451 604 1491 eam
625 1452 643 1489 a
663 1434 804 1491 mittentis
823 1432 946 1491 dominio
959 1432 1035 1488 elon·
1129 1461 1130 1506 3

233 1549 311 1603 gare.
326 1532 401 1589 Dicit
421 1534 494 1590 enim
509 1533 553 1590 lex
565 1532 620 1605 (2),
642 1531 716 1604 quod
741 1554 755 1582 ι
769 1533 797 1588 in
817 1530 975 1588 amittenda
989 1530 1035 1586 vel

233 1629 403 1701 acquirenda
425 1632 601 1701 possessione
621 1629 732 1688 affectio
752 1630 821 1697 eius,
835 1630 882 1701 qui
897 1628 1034 1699 possidet,

234 1726 278 1783 est
297 1727 448 1797 intuenda;
466 1728 565 1813 'itaque
598 1728 622 1785 si
654 1730 682 1784 in
711 1726 797 1784 fundo
828 1727 867 1783 sis
887 1726 917 1782 et
937 1725 1034 1782 temen
1128 1745 1129 1748 ¹

233 1826 357 1883 nolueris
388 1842 451 1883 eum
484 1826 635 1898 possidere,
663 1826 793 1897 protinus
823 1822 938 1881 emittes
969 1840 1035 1895 pes·

234 1924 424 1981 sessionem».
446 1924 522 1981 Dicit
544 1926 630 1981 etiam
648 1924 693 1981 lex
705 1924 760 1998 (3),
781 1923 854 1996 qnod
878 1944 894 1973 ι
908 1921 1034 1980 furiosus

234 2037 289 2078 non
318 2021 412 2091 potest
439 2021 561 2093 incipere
594 2022 745 2095 possidere,
775 2022 842 2093 quia
873 2020 1035 2091 possidendi

233 2118 365 2175 affectum
385 2135 441 2177 non
462 2118 548 2177 habet
561 2143 590 2176 ».
606 2120 676 2178 Oum
690 2119 778 2192 igitur
792 2118 914 2177 fratrum
935 2118 1034 2176 sitve
1128 2163 1129 2166 η

232 2216 341 2284 lautae,
362 2216 473 2273 nullum
494 2218 547 2275 sibi
568 2218 721 2276 dominium
742 2217 794 2274 aut
824 2218 868 2274 ius
889 2217 1035 2289 acquirere

233 2314 278 2370 vel
300 2316 513 2385 possessionem,
541 2316 704 2388 cuicumque
732 2317 796 2388 ipsa
824 2315 941 2387 pecunia
963 2330 1034 2371 com·

234 2388 390 2480 mandetur,
405 2430 460 2472 non
482 2414 536 2485 ipsi
551 2432 613 2472 eam
634 2413 775 2485 recipiunt
789 2413 961 2485 possessorio
975 2412 1036 2470 ullo
1054 2433 1060 2446 ·

233 2508 323 2567 modo.
346 2510 409 2567 Diri
431 2513 610 2583 possessoris,
632 2513 698 2584 quia
718 2527 775 2570 non
795 2510 840 2568 est
859 2511 900 2567 eis
920 2509 1037 2567 interdi-

233 2608 320 2675 ctum,
341 2609 409 2680 quin
431 2611 542 2681 possint
561 2610 702 2669 custodire
723 2610 870 2683 pecuniam
890 2609 1025 2666 alienam.

298 2759 320 2816 1)
339 2760 409 2805 Text.
428 2758 488 2816 orig.
506 2760 635 2805 creditam.

296 2838 321 2897 2)
340 2836 366 2885 L.
385 2839 438 2885 XLI
455 2838 546 2897 Digest.
564 2840 606 2886 tit.
623 2841 638 2887 2
655 2842 694 2887 lex
711 2842 734 2887 3.

296 2918 320 2977 3)
338 2919 365 2965 L.
384 2918 437 2965 XLI
453 2919 544 2976 Digest.
562 2921 603 2967 cit.
623 2921 635 2966 l
653 2923 691 2968 lex
707 2921 747 2968 20.
