<?xml version="1.0" encoding="UTF-8"?>
<!DOCTYPE html PUBLIC "-//W3C//DTD XHTML 1.0 Transitional//EN"
    "http://www.w3.org/TR/xhtml1/DTD/xhtml1-transitional.dtd">
<html xmlns="http://www.w3.org/1999/xhtml" xml:lang="en" lang="en">
 <head>
  <title>
</title>
<meta http-equiv="Content-Type" content="text/html;charset=utf-8" />
  <meta name='ocr-system' content='tesseract 3.04.00' />
  <meta name='ocr-capabilities' content='ocr_page ocr_carea ocr_par ocr_line ocrx_word'/>
</head>
<body>
  <div class='ocr_page' id='page_1' title='image "bibliothecafran00romgoog_0137.png"; bbox 0 0 2284 3484; ppageno 0'>
   <div class='ocr_carea' id='block_1_1' title="bbox 228 237 769 300">
    <p class='ocr_par' dir='ltr' id='par_1_1' title="bbox 228 237 769 300">
     <span class='ocr_line' id='line_1_1' title="bbox 228 237 769 300; baseline 0.004 -4"><span class='ocrx_word' id='word_1_1' title='bbox 228 237 286 296; x_wconf 81' lang='lat'>112</span> <span class='ocrx_word' id='word_1_2' title='bbox 492 257 634 299; x_wconf 80' lang='lat' dir='ltr'>summus</span> <span class='ocrx_word' id='word_1_3' title='bbox 655 256 769 300; x_wconf 77' lang='lat' dir='ltr'>monus.</span> 
     </span>
    </p>
   </div>
   <div class='ocr_carea' id='block_1_2' title="bbox 219 447 1031 2968">
    <p class='ocr_par' dir='ltr' id='par_1_2' title="bbox 219 447 1031 2968">
     <span class='ocr_line' id='line_1_2' title="bbox 226 447 1029 522; baseline 0.001 -18"><span class='ocrx_word' id='word_1_4' title='bbox 226 462 278 504; x_wconf 84' lang='lat' dir='ltr'>ros</span> <span class='ocrx_word' id='word_1_5' title='bbox 298 463 386 519; x_wconf 87' lang='lat' dir='ltr'>usque</span> <span class='ocrx_word' id='word_1_6' title='bbox 407 447 443 505; x_wconf 85' lang='lat' dir='ltr'>ad</span> <span class='ocrx_word' id='word_1_7' title='bbox 464 448 584 506; x_wconf 89' lang='lat' dir='ltr'>mortem</span> <span class='ocrx_word' id='word_1_8' title='bbox 605 448 760 522; x_wconf 84' lang='lat' dir='ltr'>affligeret;</span> <span class='ocrx_word' id='word_1_9' title='bbox 778 448 816 516; x_wconf 90' lang='lat' dir='ltr'>et,</span> <span class='ocrx_word' id='word_1_10' title='bbox 832 447 906 506; x_wconf 91' lang='lat' dir='ltr'>siout</span> <span class='ocrx_word' id='word_1_11' title='bbox 919 449 966 520; x_wconf 88' lang='lat' dir='ltr'>qui</span> <span class='ocrx_word' id='word_1_12' title='bbox 985 447 1029 505; x_wconf 94' lang='lat' dir='ltr'>de·</span> 
     </span>
     <span class='ocr_line' id='line_1_3' title="bbox 227 543 1030 619; baseline 0.004 -18"><span class='ocrx_word' id='word_1_13' title='bbox 227 543 384 602; x_wconf 71' lang='lat' dir='ltr'><strong>testaretur</strong></span> <span class='ocrx_word' id='word_1_14' title='bbox 403 546 477 617; x_wconf 87' lang='lat' dir='ltr'>quod</span> <span class='ocrx_word' id='word_1_15' title='bbox 498 547 708 614; x_wconf 80' lang='lat' dir='ltr'>abominamini,</span> <span class='ocrx_word' id='word_1_16' title='bbox 729 545 900 619; x_wconf 83' lang='lat' dir='ltr'>gauderetis,</span> <span class='ocrx_word' id='word_1_17' title='bbox 921 547 961 604; x_wconf 89' lang='lat' dir='ltr'>sic</span> <span class='ocrx_word' id='word_1_18' title='bbox 982 548 1030 618; x_wconf 88' lang='lat' dir='ltr'>qui</span> 
     </span>
     <span class='ocr_line' id='line_1_4' title="bbox 227 642 1029 716; baseline 0.001 -17"><span class='ocrx_word' id='word_1_19' title='bbox 227 658 277 700; x_wconf 88' lang='lat' dir='ltr'>vos</span> <span class='ocrx_word' id='word_1_20' title='bbox 298 643 465 700; x_wconf 87' lang='lat' dir='ltr'>detestando</span> <span class='ocrx_word' id='word_1_21' title='bbox 484 645 604 702; x_wconf 85' lang='lat' dir='ltr'>iniurias</span> <span class='ocrx_word' id='word_1_22' title='bbox 625 644 654 701; x_wconf 90' lang='lat' dir='ltr'>et</span> <span class='ocrx_word' id='word_1_23' title='bbox 675 642 826 716; x_wconf 87' lang='lat' dir='ltr'>opprobria</span> <span class='ocrx_word' id='word_1_24' title='bbox 854 643 933 702; x_wconf 89' lang='lat' dir='ltr'>vobis</span> <span class='ocrx_word' id='word_1_25' title='bbox 957 643 1029 701; x_wconf 84' lang='lat' dir='ltr'>dire-</span> 
     </span>
     <span class='ocr_line' id='line_1_5' title="bbox 226 740 1029 810; baseline 0.004 -15"><span class='ocrx_word' id='word_1_26' title='bbox 226 740 286 797; x_wconf 89' lang='lat' dir='ltr'>rint</span> <span class='ocrx_word' id='word_1_27' title='bbox 305 740 334 798; x_wconf 93' lang='lat' dir='ltr'>et</span> <span class='ocrx_word' id='word_1_28' title='bbox 361 740 488 810; x_wconf 85' lang='lat' dir='ltr'>fecerint,</span> <span class='ocrx_word' id='word_1_29' title='bbox 519 741 708 800; x_wconf 77' lang='lat' dir='ltr'>exsultabitis.</span> <span class='ocrx_word' id='word_1_30' title='bbox 741 741 815 800; x_wconf 87' lang='lat' dir='ltr'>Nam</span> <span class='ocrx_word' id='word_1_31' title='bbox 846 740 918 798; x_wconf 87' lang='lat' dir='ltr'>nihil</span> <span class='ocrx_word' id='word_1_32' title='bbox 948 741 1029 800; x_wconf 85' lang='lat' dir='ltr'>robis</span> 
     </span>
     <span class='ocr_line' id='line_1_6' title="bbox 226 839 1029 912; baseline 0.002 -16"><span class='ocrx_word' id='word_1_33' title='bbox 226 839 332 911; x_wconf 90' lang='lat' dir='ltr'>poterit</span> <span class='ocrx_word' id='word_1_34' title='bbox 353 840 464 898; x_wconf 88' lang='lat' dir='ltr'>evenire</span> <span class='ocrx_word' id='word_1_35' title='bbox 484 841 606 908; x_wconf 84' lang='lat' dir='ltr'>adversi,</span> <span class='ocrx_word' id='word_1_36' title='bbox 621 842 687 912; x_wconf 89' lang='lat' dir='ltr'>quia</span> <span class='ocrx_word' id='word_1_37' title='bbox 707 839 913 899; x_wconf 81' lang='lat' dir='ltr'>consolationes</span> <span class='ocrx_word' id='word_1_38' title='bbox 933 839 963 898; x_wconf 95' lang='lat' dir='ltr'>et</span> <span class='ocrx_word' id='word_1_39' title='bbox 983 840 1029 898; x_wconf 92' lang='lat' dir='ltr'>bo-</span> 
     </span>
     <span class='ocr_line' id='line_1_7' title="bbox 225 937 1028 1011; baseline 0.004 -18"><span class='ocrx_word' id='word_1_40' title='bbox 225 953 308 995; x_wconf 89' lang='lat' dir='ltr'>nores</span> <span class='ocrx_word' id='word_1_41' title='bbox 328 953 385 994; x_wconf 88' lang='lat' dir='ltr'>non</span> <span class='ocrx_word' id='word_1_42' title='bbox 407 937 542 1008; x_wconf 89' lang='lat' dir='ltr'>poterunt</span> <span class='ocrx_word' id='word_1_43' title='bbox 556 954 606 996; x_wconf 86' lang='lat' dir='ltr'>vos</span> <span class='ocrx_word' id='word_1_44' title='bbox 627 938 761 1010; x_wconf 82' lang='lat' dir='ltr'>decipere,</span> <span class='ocrx_word' id='word_1_45' title='bbox 776 954 808 996; x_wconf 88' lang='lat' dir='ltr'>eo</span> <span class='ocrx_word' id='word_1_46' title='bbox 821 938 895 1010; x_wconf 85' lang='lat' dir='ltr'>quod</span> <span class='ocrx_word' id='word_1_47' title='bbox 909 937 943 995; x_wconf 92' lang='lat' dir='ltr'>de</span> <span class='ocrx_word' id='word_1_48' title='bbox 958 939 1028 1011; x_wconf 89' lang='lat' dir='ltr'>ipsis</span> 
     </span>
     <span class='ocr_line' id='line_1_8' title="bbox 225 1034 1028 1109; baseline 0 -17"><span class='ocrx_word' id='word_1_49' title='bbox 225 1051 281 1093; x_wconf 90' lang='lat' dir='ltr'>non</span> <span class='ocrx_word' id='word_1_50' title='bbox 302 1034 447 1100; x_wconf 82' lang='lat' dir='ltr'>curabitis.</span> <span class='ocrx_word' id='word_1_51' title='bbox 469 1037 535 1107; x_wconf 85' lang='lat' dir='ltr'>quia</span> <span class='ocrx_word' id='word_1_52' title='bbox 555 1036 730 1094; x_wconf 86' lang='lat' dir='ltr'>contrarium</span> <span class='ocrx_word' id='word_1_53' title='bbox 757 1036 903 1109; x_wconf 88' lang='lat' dir='ltr'>appetitis.</span> <span class='ocrx_word' id='word_1_54' title='bbox 922 1036 1028 1094; x_wconf 79' lang='lat' dir='ltr'>Adver-</span> 
     </span>
     <span class='ocr_line' id='line_1_9' title="bbox 225 1131 1028 1206; baseline 0.004 -17"><span class='ocrx_word' id='word_1_55' title='bbox 225 1131 326 1189; x_wconf 84' lang='lat' dir='ltr'>sitates</span> <span class='ocrx_word' id='word_1_56' title='bbox 347 1148 403 1190; x_wconf 92' lang='lat' dir='ltr'>non</span> <span class='ocrx_word' id='word_1_57' title='bbox 426 1132 561 1204; x_wconf 88' lang='lat' dir='ltr'>poterunt</span> <span class='ocrx_word' id='word_1_58' title='bbox 583 1150 632 1192; x_wconf 86' lang='lat' dir='ltr'>vos</span> <span class='ocrx_word' id='word_1_59' title='bbox 653 1135 777 1202; x_wconf 85' lang='lat' dir='ltr'>deiicere,</span> <span class='ocrx_word' id='word_1_60' title='bbox 799 1135 865 1206; x_wconf 90' lang='lat' dir='ltr'>quia</span> <span class='ocrx_word' id='word_1_61' title='bbox 890 1135 970 1206; x_wconf 88' lang='lat' dir='ltr'>ipsas</span> <span class='ocrx_word' id='word_1_62' title='bbox 988 1133 1028 1192; x_wconf 87' lang='lat' dir='ltr'>af·</span> 
     </span>
     <span class='ocr_line' id='line_1_10' title="bbox 224 1228 1027 1302; baseline 0.006 -16"><span class='ocrx_word' id='word_1_63' title='bbox 224 1228 352 1298; x_wconf 80' lang='lat' dir='ltr'>sectatis3</span> <span class='ocrx_word' id='word_1_64' title='bbox 373 1231 467 1298; x_wconf 90' lang='lat' dir='ltr'>immo,</span> <span class='ocrx_word' id='word_1_65' title='bbox 481 1231 589 1302; x_wconf 86' lang='lat' dir='ltr'>quanto</span> <span class='ocrx_word' id='word_1_66' title='bbox 603 1233 648 1288; x_wconf 88' lang='lat' dir='ltr'>est</span> <span class='ocrx_word' id='word_1_67' title='bbox 669 1233 758 1290; x_wconf 87' lang='lat' dir='ltr'>maior</span> <span class='ocrx_word' id='word_1_68' title='bbox 772 1231 929 1300; x_wconf 88' lang='lat' dir='ltr'>tribulatio,</span> <span class='ocrx_word' id='word_1_69' title='bbox 944 1232 1027 1291; x_wconf 88' lang='lat' dir='ltr'>tanto</span> 
     </span>
     <span class='ocr_line' id='line_1_11' title="bbox 225 1326 1029 1402; baseline 0.01 -22"><span class='ocrx_word' id='word_1_70' title='bbox 225 1326 304 1384; x_wconf 85' lang='lat' dir='ltr'>robis</span> <span class='ocrx_word' id='word_1_71' title='bbox 324 1326 379 1384; x_wconf 88' lang='lat' dir='ltr'>erit</span> <span class='ocrx_word' id='word_1_72' title='bbox 399 1328 488 1385; x_wconf 87' lang='lat' dir='ltr'>maior</span> <span class='ocrx_word' id='word_1_73' title='bbox 517 1329 681 1402; x_wconf 85' lang='lat' dir='ltr'>consolatio,</span> <span class='ocrx_word' id='word_1_74' title='bbox 702 1330 769 1401; x_wconf 85' lang='lat' dir='ltr'>quia</span> <span class='ocrx_word' id='word_1_75' title='bbox 797 1330 888 1402; x_wconf 86' lang='lat' dir='ltr'>magis</span> <span class='ocrx_word' id='word_1_76' title='bbox 916 1330 946 1386; x_wconf 91' lang='lat' dir='ltr'>in</span> <span class='ocrx_word' id='word_1_77' title='bbox 975 1329 1029 1388; x_wconf 91' lang='lat' dir='ltr'>hoc</span> 
     </span>
     <span class='ocr_line' id='line_1_12' title="bbox 224 1412 1028 1496; baseline 0.007 -17"><span class='ocrx_word' id='word_1_78' title='bbox 224 1439 291 1480; x_wconf 87' lang='lat' dir='ltr'>casu</span> <span class='ocrx_word' id='word_1_79' title='bbox 312 1424 513 1496; x_wconf 86' lang='lat' dir='ltr'>adimplebitur</span> <span class='ocrx_word' id='word_1_80' title='bbox 527 1412 696 1484; x_wconf 83' lang='lat' dir='ltr'>desiderium</span> <span class='ocrx_word' id='word_1_81' title='bbox 711 1426 846 1484; x_wconf 88' lang='lat' dir='ltr'>vestrum.</span> <span class='ocrx_word' id='word_1_82' title='bbox 862 1427 937 1484; x_wconf 86' lang='lat' dir='ltr'>Nam</span> <span class='ocrx_word' id='word_1_83' title='bbox 952 1428 1028 1485; x_wconf 84' lang='lat' dir='ltr'>certe</span> 
     </span>
     <span class='ocr_line' id='line_1_13' title="bbox 224 1521 1029 1598; baseline 0.007 -21"><span class='ocrx_word' id='word_1_84' title='bbox 224 1521 264 1578; x_wconf 91' lang='lat' dir='ltr'>sio</span> <span class='ocrx_word' id='word_1_85' title='bbox 283 1521 398 1578; x_wconf 88' lang='lat' dir='ltr'>deberet</span> <span class='ocrx_word' id='word_1_86' title='bbox 418 1539 488 1580; x_wconf 88' lang='lat' dir='ltr'>esse.</span> <span class='ocrx_word' id='word_1_87' title='bbox 503 1522 542 1580; x_wconf 82' lang='lat' dir='ltr'>Et</span> <span class='ocrx_word' id='word_1_88' title='bbox 562 1525 626 1596; x_wconf 88' lang='lat' dir='ltr'>quis</span> <span class='ocrx_word' id='word_1_89' title='bbox 648 1540 703 1581; x_wconf 92' lang='lat' dir='ltr'>non</span> <span class='ocrx_word' id='word_1_90' title='bbox 724 1524 838 1582; x_wconf 86' lang='lat' dir='ltr'>deberet</span> <span class='ocrx_word' id='word_1_91' title='bbox 855 1525 989 1598; x_wconf 82' lang='lat' dir='ltr'>gaudere,</span> <span class='ocrx_word' id='word_1_92' title='bbox 1005 1527 1029 1583; x_wconf 90' lang='lat' dir='ltr'>si</span> 
     </span>
     <span class='ocr_line' id='line_1_14' title="bbox 224 1619 1029 1696; baseline 0.004 -20"><span class='ocrx_word' id='word_1_93' title='bbox 224 1619 407 1691; x_wconf 86' lang='lat' dir='ltr'>separaretur</span> <span class='ocrx_word' id='word_1_94' title='bbox 421 1637 440 1677; x_wconf 82' lang='lat' dir='ltr'>a</span> <span class='ocrx_word' id='word_1_95' title='bbox 452 1621 580 1678; x_wconf 86' lang='lat' dir='ltr'>vanitate</span> <span class='ocrx_word' id='word_1_96' title='bbox 602 1621 631 1678; x_wconf 89' lang='lat' dir='ltr'>et</span> <span class='ocrx_word' id='word_1_97' title='bbox 651 1623 869 1696; x_wconf 83' lang='lat' dir='ltr'>coniungeretur</span> <span class='ocrx_word' id='word_1_98' title='bbox 890 1624 1029 1680; x_wconf 84' lang='lat' dir='ltr'>veritati?</span> 
     </span>
     <span class='ocr_line' id='line_1_15' title="bbox 224 1717 1028 1793; baseline 0.005 -19"><span class='ocrx_word' id='word_1_99' title='bbox 224 1717 324 1775; x_wconf 87' lang='lat' dir='ltr'>Nonne</span> <span class='ocrx_word' id='word_1_100' title='bbox 346 1717 528 1776; x_wconf 85' lang='lat' dir='ltr'>haecomnia</span> <span class='ocrx_word' id='word_1_101' title='bbox 552 1720 620 1776; x_wconf 89' lang='lat' dir='ltr'>sunt</span> <span class='ocrx_word' id='word_1_102' title='bbox 641 1721 778 1777; x_wconf 77' lang='lat' dir='ltr'>vanitas?</span> <span class='ocrx_word' id='word_1_103' title='bbox 805 1719 843 1777; x_wconf 83' lang='lat' dir='ltr'>Et</span> <span class='ocrx_word' id='word_1_104' title='bbox 867 1721 934 1793; x_wconf 88' lang='lat' dir='ltr'>quid</span> <span class='ocrx_word' id='word_1_105' title='bbox 959 1723 1028 1779; x_wconf 86' lang='lat' dir='ltr'>veri·</span> 
     </span>
     <span class='ocr_line' id='line_1_16' title="bbox 223 1816 1028 1890; baseline 0.007 -19"><span class='ocrx_word' id='word_1_106' title='bbox 223 1816 278 1883; x_wconf 87' lang='lat' dir='ltr'>tas,</span> <span class='ocrx_word' id='word_1_107' title='bbox 301 1816 355 1872; x_wconf 90' lang='lat' dir='ltr'>nisi</span> <span class='ocrx_word' id='word_1_108' title='bbox 382 1816 483 1872; x_wconf 79' lang='lat' dir='ltr'>Deus?</span> <span class='ocrx_word' id='word_1_109' title='bbox 509 1817 600 1874; x_wconf 85' lang='lat' dir='ltr'>Nihil.</span> <span class='ocrx_word' id='word_1_110' title='bbox 631 1817 669 1874; x_wconf 82' lang='lat' dir='ltr'>llt</span> <span class='ocrx_word' id='word_1_111' title='bbox 699 1818 759 1876; x_wconf 91' lang='lat' dir='ltr'>ideo</span> <span class='ocrx_word' id='word_1_112' title='bbox 790 1819 884 1876; x_wconf 90' lang='lat' dir='ltr'>omnia</span> <span class='ocrx_word' id='word_1_113' title='bbox 912 1818 1028 1890; x_wconf 88' lang='lat' dir='ltr'>praeter</span> 
     </span>
     <span class='ocr_line' id='line_1_17' title="bbox 223 1912 1028 1986; baseline 0.007 -18"><span class='ocrx_word' id='word_1_114' title='bbox 223 1912 312 1970; x_wconf 88' lang='lat' dir='ltr'>Deum</span> <span class='ocrx_word' id='word_1_115' title='bbox 334 1913 394 1982; x_wconf 84' lang='lat' dir='ltr'>aut,</span> <span class='ocrx_word' id='word_1_116' title='bbox 416 1916 537 1985; x_wconf 92' lang='lat' dir='ltr'>quaein</span> <span class='ocrx_word' id='word_1_117' title='bbox 567 1916 661 1986; x_wconf 83' lang='lat' dir='ltr'>ipsum</span> <span class='ocrx_word' id='word_1_118' title='bbox 690 1931 744 1972; x_wconf 90' lang='lat' dir='ltr'>non</span> <span class='ocrx_word' id='word_1_119' title='bbox 773 1915 904 1985; x_wconf 88' lang='lat' dir='ltr'>tendunt,</span> <span class='ocrx_word' id='word_1_120' title='bbox 926 1917 1028 1976; x_wconf 88' lang='lat' dir='ltr'>abhor-</span> 
     </span>
     <span class='ocr_line' id='line_1_18' title="bbox 223 2010 1027 2086; baseline 0.007 -20"><span class='ocrx_word' id='word_1_121' title='bbox 223 2010 310 2066; x_wconf 87' lang='lat' dir='ltr'>renda</span> <span class='ocrx_word' id='word_1_122' title='bbox 331 2011 409 2067; x_wconf 90' lang='lat' dir='ltr'>sunt.</span> <span class='ocrx_word' id='word_1_123' title='bbox 431 2010 458 2068; x_wconf 85' lang='lat' dir='ltr'>Si</span> <span class='ocrx_word' id='word_1_124' title='bbox 481 2013 556 2069; x_wconf 92' lang='lat' dir='ltr'>enim</span> <span class='ocrx_word' id='word_1_125' title='bbox 578 2013 617 2070; x_wconf 91' lang='lat' dir='ltr'>sic</span> <span class='ocrx_word' id='word_1_126' title='bbox 645 2013 729 2081; x_wconf 86' lang='lat' dir='ltr'>esset,</span> <span class='ocrx_word' id='word_1_127' title='bbox 751 2029 766 2071; x_wconf 96' lang='lat' dir='ltr'>o</span> <span class='ocrx_word' id='word_1_128' title='bbox 787 2013 879 2080; x_wconf 89' lang='lat' dir='ltr'>homo,</span> <span class='ocrx_word' id='word_1_129' title='bbox 901 2015 975 2086; x_wconf 87' lang='lat' dir='ltr'>quod</span> <span class='ocrx_word' id='word_1_130' title='bbox 996 2017 1027 2072; x_wconf 91' lang='lat' dir='ltr'>in</span> 
     </span>
     <span class='ocr_line' id='line_1_19' title="bbox 222 2107 1028 2171; baseline 0.009 -7"><span class='ocrx_word' id='word_1_131' title='bbox 222 2107 282 2165; x_wconf 90' lang='lat' dir='ltr'>solo</span> <span class='ocrx_word' id='word_1_132' title='bbox 304 2107 362 2165; x_wconf 88' lang='lat' dir='ltr'>Deo</span> <span class='ocrx_word' id='word_1_133' title='bbox 384 2109 471 2167; x_wconf 86' lang='lat' dir='ltr'>velles</span> <span class='ocrx_word' id='word_1_134' title='bbox 492 2109 566 2168; x_wconf 85' lang='lat' dir='ltr'>affici</span> <span class='ocrx_word' id='word_1_135' title='bbox 587 2110 617 2168; x_wconf 92' lang='lat' dir='ltr'>et</span> <span class='ocrx_word' id='word_1_136' title='bbox 637 2127 720 2168; x_wconf 91' lang='lat' dir='ltr'>suum</span> <span class='ocrx_word' id='word_1_137' title='bbox 745 2111 836 2169; x_wconf 92' lang='lat' dir='ltr'>solum</span> <span class='ocrx_word' id='word_1_138' title='bbox 862 2113 959 2170; x_wconf 86' lang='lat' dir='ltr'>sitires</span> <span class='ocrx_word' id='word_1_139' title='bbox 979 2112 1028 2171; x_wconf 93' lang='lat' dir='ltr'>ho·</span> 
     </span>
     <span class='ocr_line' id='line_1_20' title="bbox 222 2206 1027 2283; baseline 0.007 -21"><span class='ocrx_word' id='word_1_140' title='bbox 222 2221 318 2263; x_wconf 92' lang='lat' dir='ltr'>norem</span> <span class='ocrx_word' id='word_1_141' title='bbox 346 2207 374 2264; x_wconf 90' lang='lat' dir='ltr'>et</span> <span class='ocrx_word' id='word_1_142' title='bbox 403 2206 440 2276; x_wconf 92' lang='lat' dir='ltr'>te,</span> <span class='ocrx_word' id='word_1_143' title='bbox 468 2208 502 2265; x_wconf 90' lang='lat' dir='ltr'>ut</span> <span class='ocrx_word' id='word_1_144' title='bbox 529 2209 635 2266; x_wconf 91' lang='lat' dir='ltr'>dictum</span> <span class='ocrx_word' id='word_1_145' title='bbox 656 2209 709 2276; x_wconf 88' lang='lat' dir='ltr'>est,</span> <span class='ocrx_word' id='word_1_146' title='bbox 730 2226 786 2267; x_wconf 94' lang='lat' dir='ltr'>non</span> <span class='ocrx_word' id='word_1_147' title='bbox 811 2210 955 2283; x_wconf 70' lang='lat' dir='ltr'>diligeres</span> <span class='ocrx_word' id='word_1_148' title='bbox 977 2212 1027 2268; x_wconf 91' lang='lat' dir='ltr'>sed</span> 
     </span>
     <span class='ocr_line' id='line_1_21' title="bbox 221 2303 1031 2378; baseline 0.009 -18"><span class='ocrx_word' id='word_1_149' title='bbox 221 2303 313 2361; x_wconf 87' lang='lat' dir='ltr'>odires</span> <span class='ocrx_word' id='word_1_150' title='bbox 334 2304 364 2361; x_wconf 93' lang='lat' dir='ltr'>et</span> <span class='ocrx_word' id='word_1_151' title='bbox 383 2304 419 2362; x_wconf 82' lang='lat' dir='ltr'>ab</span> <span class='ocrx_word' id='word_1_152' title='bbox 440 2305 505 2362; x_wconf 86' lang='lat' dir='ltr'>aliis</span> <span class='ocrx_word' id='word_1_153' title='bbox 525 2307 675 2378; x_wconf 85' lang='lat' dir='ltr'>appeteres</span> <span class='ocrx_word' id='word_1_154' title='bbox 696 2308 862 2376; x_wconf 86' lang='lat' dir='ltr'>conculcari,</span> <span class='ocrx_word' id='word_1_155' title='bbox 878 2310 955 2366; x_wconf 90' lang='lat' dir='ltr'>viam</span> <span class='ocrx_word' id='word_1_156' title='bbox 969 2309 1031 2367; x_wconf 88' lang='lat' dir='ltr'>dia-</span> 
     </span>
     <span class='ocr_line' id='line_1_22' title="bbox 221 2401 1027 2476; baseline 0.01 -19"><span class='ocrx_word' id='word_1_157' title='bbox 221 2401 284 2460; x_wconf 95' lang='lat' dir='ltr'>bolo</span> <span class='ocrx_word' id='word_1_158' title='bbox 305 2403 517 2473; x_wconf 55' lang='lat' dir='ltr'>praeclusissem</span> <span class='ocrx_word' id='word_1_159' title='bbox 540 2407 573 2460; x_wconf 88' lang='lat' dir='ltr'>ut</span> <span class='ocrx_word' id='word_1_160' title='bbox 594 2405 707 2476; x_wconf 92' lang='lat' dir='ltr'>penitus</span> <span class='ocrx_word' id='word_1_161' title='bbox 727 2405 763 2462; x_wconf 90' lang='lat' dir='ltr'>ad</span> <span class='ocrx_word' id='word_1_162' title='bbox 785 2405 812 2462; x_wconf 95' lang='lat' dir='ltr'>te</span> <span class='ocrx_word' id='word_1_163' title='bbox 834 2407 944 2463; x_wconf 86' lang='lat' dir='ltr'>intrare</span> <span class='ocrx_word' id='word_1_164' title='bbox 968 2424 1027 2465; x_wconf 90' lang='lat' dir='ltr'>non</span> 
     </span>
     <span class='ocr_line' id='line_1_23' title="bbox 222 2499 1027 2576; baseline 0.006 -20"><span class='ocrx_word' id='word_1_165' title='bbox 222 2499 327 2572; x_wconf 88' lang='lat' dir='ltr'>posset.</span> <span class='ocrx_word' id='word_1_166' title='bbox 354 2499 390 2556; x_wconf 91' lang='lat' dir='ltr'>In</span> <span class='ocrx_word' id='word_1_167' title='bbox 418 2499 470 2558; x_wconf 93' lang='lat' dir='ltr'>hoc</span> <span class='ocrx_word' id='word_1_168' title='bbox 497 2501 570 2558; x_wconf 93' lang='lat' dir='ltr'>enim</span> <span class='ocrx_word' id='word_1_169' title='bbox 599 2503 770 2560; x_wconf 87' lang='lat' dir='ltr'>concordant</span> <span class='ocrx_word' id='word_1_170' title='bbox 791 2503 929 2572; x_wconf 66' lang='lat' dir='ltr'>doctores</span> <span class='ocrx_word' id='word_1_171' title='bbox 951 2505 1027 2576; x_wconf 89' lang='lat' dir='ltr'>quod</span> 
     </span>
     <span class='ocr_line' id='line_1_24' title="bbox 221 2598 1026 2668; baseline 0.004 -13"><span class='ocrx_word' id='word_1_172' title='bbox 221 2599 312 2655; x_wconf 88' lang='lat' dir='ltr'>omnis</span> <span class='ocrx_word' id='word_1_173' title='bbox 332 2598 399 2655; x_wconf 89' lang='lat' dir='ltr'>mali</span> <span class='ocrx_word' id='word_1_174' title='bbox 419 2598 462 2655; x_wconf 90' lang='lat' dir='ltr'>est</span> <span class='ocrx_word' id='word_1_175' title='bbox 476 2615 561 2656; x_wconf 92' lang='lat' dir='ltr'>causa</span> <span class='ocrx_word' id='word_1_176' title='bbox 576 2600 660 2658; x_wconf 90' lang='lat' dir='ltr'>timor</span> <span class='ocrx_word' id='word_1_177' title='bbox 676 2602 719 2658; x_wconf 88' lang='lat' dir='ltr'>vel</span> <span class='ocrx_word' id='word_1_178' title='bbox 733 2617 823 2668; x_wconf 81' lang='lat' dir='ltr'>amor,</span> <span class='ocrx_word' id='word_1_179' title='bbox 837 2603 922 2659; x_wconf 92' lang='lat' dir='ltr'>immo</span> <span class='ocrx_word' id='word_1_180' title='bbox 937 2602 1026 2658; x_wconf 87' lang='lat' dir='ltr'>etiam</span> 
     </span>
     <span class='ocr_line' id='line_1_25' title="bbox 219 2695 1026 2772; baseline 0.007 -20"><span class='ocrx_word' id='word_1_181' title='bbox 219 2696 311 2766; x_wconf 90' lang='lat' dir='ltr'>ipsius</span> <span class='ocrx_word' id='word_1_182' title='bbox 331 2695 441 2754; x_wconf 86' lang='lat' dir='ltr'>timoris</span> <span class='ocrx_word' id='word_1_183' title='bbox 461 2714 547 2755; x_wconf 88' lang='lat' dir='ltr'>causa</span> <span class='ocrx_word' id='word_1_184' title='bbox 568 2698 613 2754; x_wconf 89' lang='lat' dir='ltr'>est</span> <span class='ocrx_word' id='word_1_185' title='bbox 634 2715 713 2756; x_wconf 88' lang='lat' dir='ltr'>amor</span> <span class='ocrx_word' id='word_1_186' title='bbox 730 2701 782 2757; x_wconf 90' lang='lat' dir='ltr'>sui.</span> <span class='ocrx_word' id='word_1_187' title='bbox 799 2697 942 2768; x_wconf 76' lang='lat' dir='ltr'>Quomodo</span> <span class='ocrx_word' id='word_1_188' title='bbox 957 2717 1026 2772; x_wconf 85' lang='lat' dir='ltr'>ergo</span> 
     </span>
     <span class='ocr_line' id='line_1_26' title="bbox 220 2793 1025 2870; baseline 0.004 -19"><span class='ocrx_word' id='word_1_189' title='bbox 220 2810 253 2851; x_wconf 86' lang='lat' dir='ltr'>ex</span> <span class='ocrx_word' id='word_1_190' title='bbox 274 2793 374 2852; x_wconf 89' lang='lat' dir='ltr'>timore</span> <span class='ocrx_word' id='word_1_191' title='bbox 397 2810 510 2866; x_wconf 85' lang='lat' dir='ltr'>peccare</span> <span class='ocrx_word' id='word_1_192' title='bbox 531 2794 647 2867; x_wconf 88' lang='lat' dir='ltr'>poteris,</span> <span class='ocrx_word' id='word_1_193' title='bbox 669 2797 717 2869; x_wconf 89' lang='lat' dir='ltr'>qui</span> <span class='ocrx_word' id='word_1_194' title='bbox 738 2796 910 2855; x_wconf 87' lang='lat' dir='ltr'>desiderabis</span> <span class='ocrx_word' id='word_1_195' title='bbox 934 2797 1025 2870; x_wconf 87' lang='lat' dir='ltr'>affligi</span> 
     </span>
     <span class='ocr_line' id='line_1_27' title="bbox 220 2889 1025 2968; baseline 0.007 -20"><span class='ocrx_word' id='word_1_196' title='bbox 220 2889 249 2948; x_wconf 91' lang='lat' dir='ltr'>et</span> <span class='ocrx_word' id='word_1_197' title='bbox 269 2890 409 2948; x_wconf 84' lang='lat' dir='ltr'>contemni</span> <span class='ocrx_word' id='word_1_198' title='bbox 430 2891 460 2948; x_wconf 91' lang='lat' dir='ltr'>et</span> <span class='ocrx_word' id='word_1_199' title='bbox 479 2892 516 2949; x_wconf 82' lang='lat' dir='ltr'>ab</span> <span class='ocrx_word' id='word_1_200' title='bbox 537 2893 666 2951; x_wconf 88' lang='lat' dir='ltr'>omnibus</span> <span class='ocrx_word' id='word_1_201' title='bbox 694 2895 876 2954; x_wconf 82' lang='lat' dir='ltr'>conculcari?</span> <span class='ocrx_word' id='word_1_202' title='bbox 900 2896 930 2954; x_wconf 90' lang='lat' dir='ltr'>et</span> <span class='ocrx_word' id='word_1_203' title='bbox 956 2911 1025 2968; x_wconf 89' lang='lat' dir='ltr'>quo·</span> 
     </span>
    </p>
   </div>
   <div class='ocr_carea' id='block_1_3' title="bbox 0 0 1146 3484">
    <p class='ocr_par' dir='ltr' id='par_1_3' title="bbox 0 0 1146 3484">
     <span class='ocr_line' id='line_1_28' title="bbox 0 0 1146 3484; baseline 0 2"><span class='ocrx_word' id='word_1_204' title='bbox 0 0 1146 3484; x_wconf 95' lang='lat' dir='ltr'> </span> 
     </span>
    </p>
   </div>
  </div>
 </body>
</html>
