2284 3484
231 266 374 309 oaurmuu
395 266 531 309 muamus
552 268 606 309 reo
626 266 755 309 orauere.
837 249 894 308 175

98 476 180 519 servo
200 458 357 532 acquiritur
378 459 489 518 domino
503 458 661 532 acquiritur
673 482 703 514 ».
717 458 835 516 Fratres
848 460 898 532 igi-

97 559 147 615 tur
168 559 289 616 minores
311 573 407 616 seruos
428 574 457 615 se
486 573 537 629 pro
565 556 672 614 Christi
692 558 804 616 nomine
825 556 898 615 exhi-

98 657 206 724 bentes
228 672 283 729 quo
305 672 334 714 se
355 655 477 713 ulterius
509 656 537 713 in
568 654 622 713 hae
654 655 737 727 parte
767 655 900 714 deiiciaut

97 771 156 813 non
187 754 332 823 habentes,
354 753 477 812 utuntur
508 754 593 812 rebus
620 755 722 812 alienis
749 755 779 811 in
806 754 899 813 aliena
996 763 998 766 ’

98 852 186 926 positi
206 852 347 925 potestate
368 853 446 911 siout
464 853 613 926 pereprioi
632 854 660 909 et
673 852 797 910 odom
809 850 854 927 (1)
869 854 899 910 iu

97 952 152 1011 hoe
173 951 286 1020 mundo,
307 954 400 1024 ipsum
422 952 451 1009 in
472 950 524 1010 hoe
555 950 727 1007 altissimum
748 951 899 1009 Dominum

97 1049 255 1119 imitantes,
277 1051 324 1123 qui
345 1048 473 1119 formam
494 1050 570 1108 servi
591 1050 737 1121 prepotens
748 1049 793 1123 (2)
814 1050 899 1132 «cibo

99 1148 267 1207 vescebatur
288 1149 379 1206 alieno
393 1171 421 1215 o,
443 1147 477 1206 ut
497 1146 565 1205 dicit
586 1146 776 1220 Hieronymus
795 1147 832 1205 ad
846 1146 915 1204 Ne·

99 1247 249 1320 potionum
262 1246 317 1321 (3).
338 1246 376 1304 Et
407 1245 514 1305 eertum
542 1244 595 1313 est,
622 1244 696 1318 quod
726 1246 786 1317 ipse
813 1246 902 1303 maior

98 1343 194 1403 factus
215 1344 359 1403 declinans
380 1344 416 1402 ad
431 1343 599 1402 manendum
620 1342 702 1400 extre
721 1342 818 1401 domos
837 1343 904 1400 elie-¹

97 1460 154 1503 nas
174 1460 234 1501 ooo
255 1442 386 1517 habebat,
406 1444 456 1503 obi
476 1445 565 1515 eaput
587 1458 671 1499 suum
691 1441 901 1500 sanctissimum

98 1542 259 1603 rectinaret
270 1542 325 1617 (4).
863 1604 870 1615 .

182 1639 297 1699 Habent
316 1656 383 1713 ergo
404 1640 507 1699 fratros
521 1643 586 1714 ipsi,
601 1642 634 1701 de
654 1640 757 1714 quibus
770 1640 902 1713 loqueris

99 1756 197 1799 rorum
217 1738 394 1812 quarundam
414 1756 497 1797 usum
517 1756 701 1809 communem,
722 1740 771 1799 sed
791 1739 902 1797 nullum

98 1838 209 1898 habant
222 1857 315 1897 rerum
337 1839 490 1897 dominium
516 1840 662 1911 proprium
684 1840 728 1896 uel
748 1854 902 1897 commune.

182 1937 222 1994 Et
241 1939 307 2012 quia
322 1954 407 2009 super
425 1936 576 2009 praedietis
589 1938 619 1993 in
639 1936 746 1994 ordinis
767 1936 903 2009 principio

99 2036 240 2111 quaedam
260 2036 334 2093 inter
348 2033 453 2093 fratres
473 2034 624 2093 haesitatio
640 2034 685 2091 est
701 2034 808 2103 exorta,
830 2050 905 2106 papa

100 2136 256 2208 Gregorius
276 2135 326 2204 IX,
342 2135 390 2207 qui
411 2151 441 2191 se
462 2134 495 2191 de
515 2134 616 2207 regula
628 2132 696 2191 dioit
716 2149 798 2192 nosse
813 2131 904 2190 saneti

99 2234 245 2293 Francisci
259 2233 443 2291 intentionem
456 2232 510 2307 (5),
532 2247 642 2290 omnem
663 2232 796 2304 detegens
816 2230 905 2287 ambi-

10 2362 11 2367 *
99 2331 242 2407 guitatem
276 2330 398 2389 mentem
429 2332 519 2403 ipsius
539 2331 654 2403 regulae
674 2329 767 2401 aperit
787 2330 816 2385 io
836 2328 905 2385 haee

100 2431 205 2489 rerba:
233 2428 395 2498 «Dicimus,
416 2429 490 2502 quod
510 2445 561 2487 nee
582 2430 611 2486 in
638 2428 778 2488 communi
804 2442 855 2485 neo
875 2427 904 2484 in

102 2529 220 2603 spooiali
239 2528 342 2587 debent
366 2528 568 2600 proprietatem
594 2527 706 2595 habere,
727 2526 775 2585 sed
802 2524 906 2583 utensi·

104 2684 267 2695 —a--n-

169 2779 192 2838 1)
210 2778 221 2824 Ι
238 2778 303 2824 Patr.
320 2776 344 2835 2,
364 2776 401 2821 ll.
706 2773 731 2832 2)
749 2772 811 2819 Phil.
828 2773 852 2830 2,
870 2773 894 2819 7.

168 2860 193 2918 3)
211 2857 288 2917 Epist.
305 2858 335 2903 52
354 2856 424 2916 (elias
441 2857 465 2916 2)
484 2869 508 2903 n.
528 2855 565 2901 11.
706 2854 732 2913 4)
749 2854 806 2901 Lue.
822 2853 847 2912 9,
864 2853 904 2900 58.

167 2941 193 3001 5)
212 2940 282 2987 Bulla
301 2939 351 2995 Quo
368 2938 477 2996 cleopati
492 2937 521 2983 de
537 2936 567 2983 28
584 2936 646 2995 sept.
665 2934 734 2982 1230.
