2284 3484
189 1233 267 1308 Quod
287 1235 367 1296 homo
388 1255 417 1296 ee
437 1237 559 1314 perfecte
580 1234 665 1310 odiet,
688 1246 721 1297 ut
740 1239 830 1299 Deum

382 1334 505 1412 perfecte
526 1333 637 1413 diliget.
673 1426 675 1429 Ι

188 1549 260 1619 Quia
280 1551 316 1607 ad
336 1551 513 1609 dilectionem
534 1551 586 1608 Dei
617 1551 774 1609 habendam
796 1552 914 1624 impedit

105 1648 218 1706 dilectio
240 1650 294 1717 sui,
315 1649 345 1706 et
372 1649 480 1721 quante
509 1650 573 1721 plus
601 1649 760 1707 intenditur
780 1667 847 1723 una,
869 1667 913 1708 re·

104 1745 233 1803 mittitur
253 1746 355 1814 altera,
376 1747 447 1814 ideo,
468 1746 502 1803 ut
523 1747 645 1818 perfecte
668 1748 808 1818 poscimus
822 1748 911 1805 Deum

103 1843 232 1916 diligere,
254 1843 368 1915 eportet
388 1844 577 1916 nosmetipsos
599 1843 721 1916 perfecte
735 1845 821 1902 edire.
835 1845 913 1902 Tunc

104 1943 201 1998 autem
223 1941 251 2000 te
274 1941 396 2012 perfecte
416 1940 486 2009 edis,
507 1959 570 1998 cum
583 1943 705 2013 'appetis
726 1942 809 2014 plene
831 1943 912 2000 corde

104 2038 140 2095 ab
154 2039 287 2097 omnibus
307 2039 467 2097 conculcari
489 2039 518 2096 et
539 2022 693 2097 vilissimus
708 2039 844 2111 reputari,
859 2040 912 2096 fle-

102 2137 217 2208 geilari,
232 2135 311 2194 deiici
332 2136 362 2194 et
382 2137 464 2209 quasi
485 2136 520 2193 ad
542 2136 664 2194 nihilum
686 2136 784 2209 redigi,
799 2138 828 2194 et
842 2137 911 2194 haec

104 2236 199 2292 omnia
222 2234 360 2307 reputans
392 2251 453 2292 esse
485 2251 575 2306 pauca
596 2236 625 2292 in
647 2234 704 2292 tuis
735 2235 846 2292 iniuriis
868 2234 911 2292 de·

102 2332 220 2390 lecturis
241 2332 271 2389 et
298 2333 326 2389 in
354 2332 414 2390 tuis
440 2331 674 2390 tribulationibus
695 2333 859 2400 consularis,
882 2333 910 2389 et

103 2446 159 2488 nen
193 2429 285 2487 sulum
313 2430 350 2487 ab
378 2428 539 2488 hominibus
568 2431 612 2486 vis
641 2429 694 2488 hoc
721 2429 828 2497 inferri,
861 2430 910 2487 sed

5 2558 6 2565 κ
102 2526 190 2584 etiem
212 2528 302 2599 cupie,
324 2543 371 2586 ees
391 2527 513 2596 credere,
535 2527 563 2584 te
584 2527 648 2584 istis
679 2527 791 2585 iniuriis
812 2527 840 2584 et
861 2527 910 2584 tri·

102 2624 298 2683 bulaticnibus
319 2642 379 2682 esee
400 2625 528 2697 dignum.
557 2625 618 2683 Huc
638 2625 707 2693 dico,
732 2625 798 2696 quie
826 2625 909 2683 multi

102 2722 246 2795 appetunt
274 2723 415 2780 sustinere
442 2723 570 2790 adverse,
597 2722 630 2780 ut
657 2723 686 2779 in
715 2738 810 2780 eorum
839 2722 910 2781 tele-

102 2821 198 2878 rantie
219 2821 256 2878 ab
275 2820 437 2878 huminibus
450 2820 697 2890 commendentur3
719 2820 792 2878 tales
813 2819 908 2878 autern

102 2933 156 2978 neu
179 2934 211 2977 se
232 2918 341 2988 odiunt,
363 2917 411 2975 sed
431 2917 556 2991 diligunt
586 2917 615 2975 et
643 2918 795 2976 mercedem
827 2935 908 2977 suam
