2284 3484
235 259 293 317 loo
499 273 639 314 srrnocns
661 272 775 314 nnoars.

314 463 368 521 Sed
389 463 456 537 quid
477 463 583 536 plura?
597 463 685 520 Taceo
706 479 772 519 suae
787 461 862 519 ritae
879 477 1037 533 processus,

233 562 281 636 qui
296 563 374 621 totus
390 562 435 619 est
448 561 595 619 dilectione
615 560 732 632 pienns3
748 560 776 618 et
790 560 870 617 venio
885 559 921 616 ad
937 559 1037 632 alapas

232 660 262 719 ot
276 661 377 734 sputa3
392 659 468 718 certe
487 659 540 717 hoc
553 658 711 716 dilectionis
727 659 836 732 signum
853 673 900 715 cor
915 657 1038 715 hominis

232 776 288 818 non
310 758 415 816 sufficit
435 757 569 830 cogitare.
591 757 618 815 Si
634 758 707 814 enirn
731 755 801 814 nihil
815 755 892 814 atiud
911 771 1037 828 unquam

233 857 302 916 mihi
322 856 435 915 fecisses
455 871 506 912 nec
527 855 612 912 etiarn
634 853 762 912 facturus
783 869 868 919 esses,
886 854 943 910 nisi
964 853 1038 926 quod

231 957 274 1023 tn,
289 955 365 1012 Deus
380 970 468 1021 mens,
482 955 511 1011 in
527 971 589 1011 mea
607 952 712 1010 natura
727 952 841 1012 voluisti
854 951 924 1009 haec
938 967 1038 1024 oppro

232 1054 294 1110 bria
312 1053 462 1120 sustinere,
477 1051 606 1109 deberem
620 1051 749 1126 totaliter
763 1051 812 1109 tuo
832 1051 918 1122 igniri
932 1066 1037 1108 amore.

232 1150 305 1220 Quid
325 1151 399 1208 onim
421 1150 512 1206 maius
533 1149 601 1216 Deo,
622 1148 738 1221 etquid
759 1148 843 1205 vilius
871 1146 1038 1219 peccatore?

231 1249 270 1306 Et
290 1248 395 1316 tamen,
418 1247 502 1314 Deus,
526 1263 577 1320 pro
600 1246 822 1318 peccatoribusa
842 1245 1038 1318 peccatoribus

232 1346 348 1405 voluisti
368 1346 484 1417 conspui
505 1345 534 1402 et
560 1344 652 1402 illudi.
674 1343 749 1402 Dens
776 1359 864 1412 meus,
886 1341 953 1416 qnid
982 1341 1038 1399 fnit

231 1444 318 1512 istud,
339 1444 451 1517 quoda
478 1442 609 1500 creatura
637 1442 697 1511 tna,
724 1459 808 1514 qnam
836 1443 866 1498 in
894 1439 1037 1499 momento

231 1542 322 1599 delore
344 1541 467 1613 poteras,
490 1542 530 1598 sic
550 1541 619 1597 vilia
641 1540 790 1597 tolerasti?
811 1538 986 1607 DicentibnS,
1008 1538 1037 1596 to

231 1656 292 1697 esse
313 1639 532 1705 daemoniacum,
554 1638 754 1710 benignissime
785 1637 985 1708 respondebas.
1013 1635 1037 1694 Ο
1136 1695 1137 1708 ³

231 1753 342 1794 somma
363 1737 429 1794 tuae
450 1735 642 1793 manifestatio
663 1735 801 1803 caritatis
822 1735 870 1807 qui
890 1733 962 1791 talia
986 1751 1037 1806 pro

230 1835 312 1893 nobis
332 1852 351 1892 a
371 1834 556 1892 daemoniacis
577 1833 725 1892 audiebas!
749 1833 820 1902 ocio
848 1832 900 1890 tibi
921 1833 1037 1890 tantum

231 1933 294 1990 erat
315 1949 400 1990 curae
419 1933 452 1990 do
473 1932 563 2000 nobis,
578 1933 651 2004 qnod
673 1932 701 1988 te
722 1933 797 1990 omni
818 1931 971 2002 opprobrio
993 1923 1037 1989 ex-

231 2029 376 2101 ponebas?
390 2030 443 2087 Sed
465 2030 515 2088 tna
529 2030 617 2087 nimia
631 2029 742 2088 dilectio
756 2029 808 2087 hoc
822 2028 930 2101 placide
945 2029 1038 2087 voluit

231 2127 380 2185 sustinere.

311 2222 334 2281 0
354 2241 402 2282 cor
423 2225 488 2296 pius
502 2242 587 2297 quam
608 2225 766 2297 lapideum!
789 2241 804 2284 o
826 2241 872 2283 cor
892 2239 950 2282 non
972 2227 1036 2284 cori
1136 2291 1137 2298 ἵ

230 2338 280 2378 cur
301 2338 356 2380 non
378 2323 537 2380 accenderis
550 2340 584 2380 ex
604 2324 720 2381 amore?
736 2323 830 2395 Lapis
844 2321 942 2380 calore
956 2322 1037 2380 solu·
1136 2395 1137 2400 ἵ

232 2421 278 2477 tus
298 2420 331 2476 in
351 2436 400 2478 aes
419 2422 544 2478 vertitur
558 2420 615 2494 (1),
636 2423 665 2479 et
686 2421 718 2478 tu
732 2420 768 2478 ad
783 2419 895 2478 tantum
910 2420 1033 2478 calorem
1136 2445 1137 2458 ¹

230 2516 416 2575 immutabilis
447 2535 621 2590 perseveras.
651 2519 767 2577 Utinam
795 2534 862 2591 ergo
889 2518 1033 2590 lapideum
1136 2521 1137 2588 ᾗ

229 2630 321 2682 ossea·
340 2629 396 2672 non
427 2619 577 2673 carneum!
605 2616 644 2673 Fit
664 2616 731 2689 quid
758 2615 926 2683 mirabilius,
959 2615 1035 2688 quod

294 2842 316 2901 1)
333 2843 374 2889 Iob
390 2843 430 2902 28,
447 2845 475 2899 23
494 2845 538 2891 cfr.
556 2845 656 2905 Bonan,
674 2847 783 2906 Liparum
799 2847 873 2904 vitae,
890 2845 922 2894 fr.
937 2845 991 2893 vni
1008 2859 1033 2892 n.

229 2922 260 2969 29
276 2924 302 2968 et
325 2923 387 2969 taen
404 2925 519 2983 mystica,
536 2939 557 2971 c.
578 2926 616 2972 15.
