2284 3484
253 240 311 300 164
392 258 533 301 cnumcun
554 258 691 300 ramensis
712 258 766 300 ruo
785 256 914 299 unacco.

250 451 301 508 sed
320 451 462 509 calceatos
482 449 638 508 sandaliis.
660 449 739 506 Unde
758 449 834 506 Beda
845 447 890 522 (1)
912 466 1001 521 super
1021 450 1053 506 il-

251 548 299 606 lud
315 550 435 606 Aetnam
453 547 489 605 12
503 550 563 620 (2):
590 546 693 606 Calceo
708 550 734 604 tc
747 546 860 620 colicos
873 549 951 619 mae,
966 548 1051 604 dicit:

255 670 269 698 a
284 648 318 704 In
340 648 471 718 originali
498 664 549 717 pro
576 646 675 718 caligis
704 646 749 703 vel
769 645 900 717 caligulis
929 663 1051 717 graecus

250 745 336 802 habet
357 745 515 813 soredolia;
534 744 586 801 hoo
600 745 675 801 enim
687 761 778 815 genus
796 743 1049 801 calceamentorum

249 844 355 912 legitur
375 846 403 901 iu
426 843 570 915 ovairrgolio
585 842 723 914 apostolis
737 842 824 900 fuisso
838 843 1009 913 permissum
1019 866 1048 899 ».

250 942 326 998 Haec
358 943 426 999 sunt
447 942 546 999 Bodae.
569 942 673 1013 Papias
688 941 733 1014 (3)
761 941 845 997 etiam
871 939 948 1007 dicit,
975 940 1048 1013 quod

254 1040 385 1111 «caligae
407 1041 475 1097 sunt
495 1040 665 1097 sandalia».

331 1138 465 1195 Prohibet
495 1156 561 1209 orgo
593 1138 730 1195 Dominus
756 1153 851 1193 curam
879 1136 1048 1193 calceamen-

248 1236 340 1292 torum
357 1237 385 1292 ot
407 1237 526 1293 restium
541 1236 728 1301 ferendarum,
743 1234 790 1291 sed
805 1234 889 1291 aliter
902 1234 933 1291 et
946 1234 1046 1301 alitem

247 1336 376 1405 quoniam
407 1352 500 1391 cruram
525 1335 644 1391 vestium
666 1333 795 1405 prohibet
816 1329 954 1389 Dominus
983 1349 1047 1389 cum

249 1432 423 1503 pluralitate,
439 1434 547 1489 dicens:
563 1433 665 1503 Neque
679 1432 754 1489 duos
776 1432 890 1488 tunicas
904 1431 1044 1502 hobcutia

247 1530 274 1585 id
303 1531 347 1586 est
375 1548 429 1587 nou
459 1532 542 1601 plura
569 1530 800 1587 vestimentorum
826 1530 921 1601 pariam
947 1546 1044 1586 curam

246 1628 340 1684 autom
372 1629 625 1685 calceamentorum
655 1627 793 1699 prohibet,
822 1644 854 1683 ea
882 1628 941 1684 siue
969 1627 1045 1683 omni

246 1726 450 1797 specificatione
473 1727 637 1798 simpliciter
658 1725 816 1783 inhibendo.
832 1724 896 1782 Non
907 1726 990 1781 onim
1006 1725 1046 1781 di-

246 1823 298 1881 cit:
315 1840 402 1895 linquo
417 1825 470 1881 duo
493 1827 571 1897 paria
593 1824 853 1892 calceamentorum,
869 1823 941 1880 siout
961 1823 1044 1879 dicit:

245 1938 337 1991 neque
349 1921 423 1979 cleeris
440 1912 561 1993 lauicos,
579 1924 641 1979 sod:
657 1940 747 1994 neque
761 1922 964 1993 calceamento,
980 1922 1046 1977 sim·

246 2019 365 2088 pliciter,
394 2020 522 2076 absolute
538 2021 591 2092 (4).
620 2022 698 2077 Unde
719 2020 844 2077 instante
868 2020 953 2075 etiam
981 2036 1045 2076 era-

245 2118 319 2172 stino
343 2119 482 2187 pressionis
503 2118 574 2173 dixit
588 2118 748 2189 discipulis:
774 2116 896 2190 Quando
911 2118 978 2173 misi
992 2134 1045 2175 uos

244 2215 305 2270 sino
325 2215 441 2271 srrcculo
469 2220 495 2271 et
521 2232 597 2285 pora
623 2220 651 2271 et
678 2216 886 2284 admemoratio,
907 2216 1045 2286 nunquid

245 2311 361 2380 aliquid
374 2311 466 2379 riofnit
484 2314 564 2370 vobis
580 2314 648 2386 (5)?
667 2313 710 2371 lbi
732 2313 766 2369 de
786 2312 900 2369 ferenda
921 2313 1044 2385 singulis

309 2516 330 2572 l)
348 2516 459 2563 Belrrrct.
479 2518 505 2560 in
524 2518 580 2563 Act.
599 2523 691 2575 apost,
708 2532 728 2562 c.
749 2518 786 2573 12,
803 2517 826 2561 8.

306 2596 329 2651 2)
348 2596 376 2640 V.
395 2600 417 2641 8.

305 2674 328 2730 3)
342 2676 389 2720 Cir.
405 2678 502 2733 Bonam,
517 2677 600 2735 Opera
612 2679 702 2732 omerio,
715 2679 734 2723 t.
747 2677 798 2723 llllI
807 2691 861 2735 pag.
874 2677 920 2723 306
931 2679 989 2723 notu
1004 2678 1040 2723 14.

304 2754 328 2810 4)
347 2756 394 2801 Cir.
417 2758 515 2814 Bonum,
544 2758 637 2816 Expoe.
666 2773 721 2816 sup.
748 2759 828 2816 repul.
857 2758 885 2803 F.
909 2758 956 2814 M„
983 2772 1005 2806 o.
1027 2758 1042 2804 2

143 2832 146 2841 '
243 2847 267 2878 n.
285 2834 315 2877 20
332 2837 356 2879 et
372 2836 411 2881 21.

304 2914 328 2971 5)
347 2914 402 2961 que.
420 2916 459 2974 22,
478 2916 515 2964 35.
